1410 2554
313 62 488 106 ’salpinx
518 29 739 103 Exposui-o.
764 45 869 110 'Cast
893 25 968 103 XI.
1186 46 1286 105 ²85.-

626 171 658 180 v-

337 256 546 302 CAPUT
577 234 991 303 UNDEGIMUM.''

508 377 776 430 Par-aphrast's.

14 479 94 567 D
101 539 159 568 ixi
185 522 378 568 Judaeosa
403 526 489 569 Deo
519 529 708 580 repulsos3
730 528 798 568 sed
826 540 925 569 nunc
951 540 1097 579 quaero:
1114 524 1265 580 Ergone
1318 552 1322 554 ἡ

9 584 124 630 Deus
152 589 330 642 populum
355 604 458 630 suum
478 590 587 642 plane
606 590 766 642 repulit?
784 587 872 630 Non
891 588 964 628 hoc
984 588 1093 628 dico:
1121 603 1191 641 ego
1207 595 1266 631 et·

9 652 110 690 enim
124 663 205 690 sum
218 663 266 690 ex
281 650 339 690 illo
351 651 498 704 populo,
515 665 590 691 non
602 653 788 696 ascititius;
809 648 875 688 sed
891 663 938 689 ex
953 651 1066 703 stirpe
1081 646 1260 698 Abrahae,

10 713 169 755 detribu
183 709 380 763 Beniamin
397 717 604 766 progenitus
616 729 626 763 3
641 722 679 757 et
698 722 819 756 tamen
828 712 904 754 fide
917 710 1144 755 Christianus
1155 716 1260 766 ·,>imo

7 782 47 818 et
67 774 269 829 Apostolus
286 775 434 819 Christi.

63 837 156 880 Non
173 841 302 894 repulit
323 838 434 882 Deus
455 857 536 883 eam
555 843 670 896 plebis
686 857 763 882 suae
780 849 918 895 partem
931 873 942 892 ‚
964 857 1072 895 quarn
1092 843 1262 894 praevidit

8 902 134 953 gratim
144 914 221 942 suae
234 900 312 942 sore
324 904 470 944 fidelem
485 934 496 952 ‚
513 910 550 944 et
563 907 600 944 in
618 902 803 945 Christum
824 902 1054 943 credituram.
1071 900 1181 944 Certe
1195 917 1263 943 vos

7 962 179 1003 nentatet
190 963 287 1015 quod
306 966 341 1004 in
354 966 416 1006 lib.
433 964 503 1007 111.
520 963 666 1017 Regum
679 968 850 1018 scriptum
865 971 936 1013 est,
949 965 1013 1004 ubi
1032 962 1131 1006 Elias
1142 963 1264 1007 Deum

7 1021 216 1074 alloquens,
243 1021 414 1065 Israelem
428 1028 563 1066 incusat
579 1056 588 1072 ,
613 1029 820 1078 quasitotus
836 1027 856 1064 a
875 1022 945 1064 Dei
960 1024 1056 1065 cultu
1075 1026 1263 1076 defecerit,

6 1092 45 1127 et
61 1088 106 1126 ad
126 1089 362 1130 idololatriam
381 1088 548 1139 delapsus
568 1090 627 1127 sit.

61 1147 253 1201 Domine,
287 1153 431 1204 inquit,
456 1148 660 1202 Prophetas
689 1155 769 1188 tuos
799 1149 1035 1198 occiderunt,
1063 1148 1183 1189 altaria
1202 1156 1262 1190 tua

2 1213 260 1254 subverterunt
277 1229 286 1253 :
301 1221 340 1253 ct
356 1227 425 1264 ego
442 1212 542 1252 solus
560 1212 612 1251 tui
623 1211 738 1251 cultor
755 1211 899 1251 relictus
914 1225 995 1250 sum
1009 1241 1020 1262 ‚
1040 1217 1075 1251 et
1094 1218 1263 1264 quaerunt

4 1273 144 1322 auferre
163 1275 253 1316 mihi
271 1279 384 1316 vitam
403 1288 537 1316 meam.

59 1359 138 1405 Sed
153 1362 240 1416 quid
261 1360 352 1404 Eliae
376 1365 429 1402 sic
450 1362 611 1415 loquenti
630 1362 805 1401 divinitus
825 1373 1042 1412 responsum
1061 1361 1146 1401 est?
1166 1358 1255 1402 Non
1285 1376 1291 1387 ·

4 1429 44 1466 iu
55 1425 173 1473 sotus,
195 1432 233 1465 ut
249 1433 349 1478 putas
363 1456 373 1475 ‚
403 1440 510 1466 verus
523 1423 594 1464 Dei
625 1423 762 1469 cultor,
797 1422 891 1462 idola
906 1437 984 1463 non
1013 1423 1166 1465 adoras:
1187 1423 1256 1465 sed

4 1501 70 1540 per
98 1490 246 1540 gratiam
285 1502 404 1529 meam
438 1495 581 1540 septem
614 1486 721 1526 millia
740 1488 900 1525 virorum
930 1485 1021 1525 mihi
1050 1488 1255 1537 reservavi,

5 1552 67 1604 qui
83 1565 157 1590 non
175 1558 412 1590 curvaverunt
429 1564 544 1603 genua
563 1563 684 1588 coram
706 1548 803 1587 idolo
823 1546 923 1588 Baal.

58 1610 120 1652 Sic
143 1619 179 1653 et
200 1615 235 1652 in
253 1612 430 1664 hoc'legis
458 1610 687 1662 Evangelicae
706 1617 872 1661 tempore
891 1611 993 1661 pauci
1017 1608 1135 1650 Jndaei
1166 1623 1254 1650 cre-

3 1673 133 1717 dentes
149 1677 186 1714 in
210 1673 416 1723 Christum,
435 1689 500 1728 per
524 1675 713 1726 gratuitam
733 1671 804 1712 Dei
834 1672 1051 1727 electionem
1071 1672 1252 1722 justifimti

1 1744 86 1778 cunt
103 1753 111 1776 :
132 1751 268 1790 paucos
293 1738 375 1777 dieo
402 1745 435 1776 ct
455 1741 554 1790 quasi
573 1738 736 1788 reliquias
749 1766 759 1784 ‚
780 1749 852 1787 prae
872 1735 1106 1775 multitudine
1126 1738 1252 1777 incre-

1 1797 168 1839 dulorum
181 1829 191 1848 ‚
216 1799 298 1840 licet
316 1799 364 1840 illi
383 1802 488 1852 pauci
503 1802 630 1840 revera
651 1801 719 1838 sint
738 1797 853 1838 inulti.
927 1803 930 1810 '

57 1859 96 1900 Si
116 1867 235 1901 autem
255 1861 336 1900 haec
363 1862 492 1901 electio
515 1862 664 1914 gratuita
685 1867 761 1908 est,
787 1866 824 1898 ut
847 1860 948 1899 dixi:
969 1874 1055 1912 ergo
1072 1860 1252 1915 justifica-

0 1924 51 1964 tto
68 1937 141 1963 non
156 1925 192 1963 lit
210 1939 256 1964 ex
273 1926 443 1976 operibus
460 1924 546 1977 legis
559 1955 568 1972 ‚
588 1924 652 1964 sed
666 1926 774 1975 gratis
789 1936 838 1962 ex
855 1924 986 1962 virtute
1002 1920 1162 1972 Christi,
1182 1937 1250 1976 per

0 1985 112 2028 fidem
132 1990 253 2027 vivam
273 1990 380 2027 nobis
398 1988 582 2040 applicata.

61 2047 161 2099 Quid
181 2057 234 2090 est
255 2053 357 2103 igitur
373 2052 470 2103 quod
487 2051 629 2091 doceo?
648 2051 819 2090 nimirum
837 2047 935 2100 quod
953 2050 1067 2098 major
1084 2062 1163 2101 pars
1181 2063 1249 2102 po-

2 2110 78 2164 puli
95 2108 296 2160 Israelitici,
319 2127 398 2165 quae
410 2115 582 2163 justitiam
599 2127 646 2152 ex
662 2110 931 2164 operibuslegis
947 2113 1151 2165 quaerebat.
1165 2126 1247 2153 eam

0 2187 78 2214 non
100 2180 152 2212 est
171 2180 331 2214 assecuta
348 2176 397 2214 ob
419 2176 704 2227 incredulitatem
731 2187 856 2219 suam;
876 2174 997 2213 minor
1020 2181 1140 2214 autem
1157 2173 1247 2215 illius

0 2236 121 2288 populi
142 2250 243 2287 pam,
276 2238 311 2275 in
334 2235 517 2278 Christum
538 2238 715 2286 credens,
738 2235 853 2276 electa
883 2242 937 2283 est
966 2236 1012 2276 ad
1038 2238 1243 2287 justitiam:

0 2300 120 2338 caeteri
141 2302 229 2337 vero
246 2299 490 2340 incredulitate
507 2300 570 2340 suti
588 2301 756 2341 excaecati
791 2305 825 2338 et
844 2297 1011 2339 obdurati
1029 2306 1126 2340 sunt.
