1410 2554
154 72 242 124 334
507 70 734 116 merswm'
749 84 809 117 Δ»
831 84 1032 118 noxa-nm

154 144 263 194 latro,
282 151 354 185 etc.
371 144 572 194 homicida,
587 152 660 185 etc.
677 145 818 185 etiamsi
833 145 990 198 teipsum
1001 146 1282 199 interempturus
1297 153 1409 196 esset.

153 221 277 259 neque
294 209 348 251 sic
368 214 494 249 tamen
515 207 610 247 same
632 206 856 247 laborantem
873 208 1308 256 contemnere-deberem
1325 211 1410 262 quia

155 270 353 323 disciputus
366 268 459 310 iltius
476 283 516 310 es
531 297 544 319 ‚
566 272 628 322 qui
646 272 685 310 in
702 272 783 323 ipsa
801 282 907 310 cruce
925 269 1018 310 dixit
1042 283 1109 321 pro
1126 284 1167 313 se
1188 271 1408 324 crucifigen-

154 334 285 374 tibus·
313 332 457 381 Pater,
496 335 643 384 ignosce
671 334 769 385 illis,
803 341 875 374 etc.
910 331 1007 374 Haec
1027 340 1064 373 et
1085 333 1151 375 alia
1169 333 1286 374 multa
1320 334 1407 376 vide

156 393 275 436 Hom.
291 411 356 437 21.
369 395 497 436 inhoc
513 410 592 448 cap.
611 411 673 437 ιιι.
806 402 808 404 ’

206 454 379 501 Secunde
400 459 514 499 debet
534 459 694 500 hilariter
711 458 801 500 dari.
833 457 931 500 Vide
952 456 1265 500 commentarium
1293 456 1347 509 1.
1364 457 1404 501 ὃ.

151 518 275 572 Hujus
293 521 482 562 hilaritatis
497 524 686 572 rationes,
707 528 785 562 tum
802 536 850 562 ex
869 528 970 574 parte
986 524 1134 574 miseri,
1157 528 1231 562 tum
1242 535 1291 562 ex
1303 529 1404 576 parte

150 585 383 635 miserentis,
403 585 489 626 vide
507 585 662 626 ibidem.

710 695 857 733 τειιτιὸ.

159 796 164 801 ’
205 787 312 830 Circa
333 786 582 831 Christianam
600 790 802 830 vindictam
819 796 906 829 nota
921 793 1095 842 quantum
1114 788 1257 830 differat
1275 801 1403 830 saecu-

150 855 225 896 lum
243 857 262 894 ὲ
281 854 374 895 coelo
388 885 399 903 ‚
418 855 576 894 mundus
597 857 618 894 a
637 849 744 894 Deo.

148 925 167 948 Μ
203 914 360 962 Putant,
381 923 417 956 et
429 916 516 957 salso
533 923 662 967 putant
679 917 742 955 filii
756 915 863 966 hujus
881 914 1018 964 saecuH,
1040 914 1139 967 quod
1155 929 1232 955 non
1250 914 1396 963 ulcisci,

150 982 198 1020 sit
218 980 458 1020 succumbere
477 995 486 1018 z
508 986 542 1020 at
565 983 688 1019 contra
705 978 858 1033 Spiritus
883 977 955 1019 Dei
980 978 1111 1028 docet,
1137 978 1236 1031 quod
1252 977 1399 1026 ulcisci,

150 1043 198 1081 sit
214 1042 453 1081 succumbere
469 1071 479 1090 ‚
502 1048 537 1081 et
552 1043 666 1081 vinci.

206 1100 338 1145 Docet
355 1111 529 1157 praeterea
554 1119 683 1144 verum
707 1111 744 1144 et
767 1104 932 1144 divinum
965 1103 1138 1144 vincendi
1168 1101 1320 1142 modum
1335 1132 1347 1154 ,
1369 1108 1406 1142 et

153 1167 254 1206 omni
273 1165 384 1217 gloria
403 1165 552 1218 dignum
571 1182 580 1205 z
602 1167 720 1206 Vince
743 1169 782 1205 in
809 1167 916 1206 bono.

206 1226 414 1269 Christiane
431 1228 554 1269 ulcisci
572 1235 608 1268 ct
625 1230 773 1268 vincere
791 1258 802 1277 ‚
832 1236 884 1268 est
905 1223 1076 1270 malitiam
1101 1232 1263 1272 bonitate
1287 1244 1403 1284 supe·-

151 1305 231 1331 rare
248 1307 257 1331 :
275 1293 335 1343 qui
363 1293 463 1331 enim
483 1293 535 1331 sic
555 1293 651 1342 agit,
681 1293 841 1344 seipsum
860 1293 994 1342 vincit,
1014 1292 1060 1332 de
1092 1295 1240 1334 inimico
1266 1294 1400 1333 trium-

150 1353 260 1404 phat,
281 1366 391 1405 quern
408 1353 478 1392 sibi
498 1360 533 1393 et
555 1352 638 1393 Deo
660 1352 877 1392 reconciliat.

205 1414 314 1456 Hanc
330 1417 472 1456 unicam
491 1416 687 1456 vindictam
711 1415 812 1456 Deus
828 1416 936 1455 nobis
955 1419 1128 1468 permittit
1144 1448 1151 1467 ,
1171 1419 1246 1458 imo
1265 1419 1398 1471 praeci-

150 1477 215 1528 pit.
240 1476 316 1526 Ego
330 1483 453 1515 autem
472 1477 556 1516 dieo
571 1478 676 1518 vobis
693 1491 706 1512 .·
723 1477 899 1527 Diligite,
918 1484 987 1521 etc.

207 1534 251 1578 O
270 1536 375 1578 Deus
395 1539 516 1578 bone!
539 1539 583 1578 da
600 1539 698 1592 quod
713 1541 839 1590 jubes,
866 1546 902 1579 ut
918 1543 988 1579 sim
1005 1543 1092 1580 vere
1110 1539 1200 1579 fitius
1219 1545 1322 1590 tuus,
1341 1541 1402 1594 qui

151 1606 247 1639 totns
265 1600 411 1640 bonitas
427 1607 462 1641 et
478 1600 631 1642 charitas
652 1616 704 1642 es.

204 1659 266 1702 De
281 1661 353 1702 hoc
368 1669 494 1702 sancto
519 1664 697 1704 vincendi
717 1663 828 1703 modo
857 1663 966 1704 muita
1001 1664 1202 1704 reseruntur
1229 1661 1410 1715 exempta⁴

149 1738 248 1764 sacra
271 1731 307 1765 ct
328 1723 476 1777 profana
501 1728 521 1764 ἐι
543 1723 692 1766 Cornel.
713 1730 733 1766 ὸ
765 1723 856 1778 Lap.
886 1725 959 1766 lite.
989 1724 1085 1767 Vide
1113 1728 1150 1765 in
1181 1722 1396 1764 Comment.

150 1800 276 1828 versus
299 1802 360 1842 17.
381 1802 518 1842 19.20·
542 1803 606 1830 ιιι.
1407 1782 1410 1785 ⁴
