1410 2554
6 109 13 121 .
307 89 487 120 'rnrvmx
513 87 737 122 mosi-no.
767 74 865 132 Cap.
893 73 988 121 XV.
1201 72 1301 136 387

26 145 151 190 desti&
161 147 274 189 simul·
286 154 330 190 et·
342 147 535 203 prudentia
559 146 697 190 Paulus
723 147 866 190 emollit
886 162 951 190 sua
974 151 1114 193 monita
1131 180 1143 203 ‚
1164 142 1303 209 'sieque

25 228 109 257 sese
125 215 291 256 insinuat
303 215 465 256 intimius
481 216 519 256 in
538 215 717 256 lectorum
729 216 895 264 animos,
918 218 1020 268 quasi
1041 206 1212 259 dicerem

84 275 282 329 Quantum
299 277 347 318 ad
365 291 425 318 me
440 308 453 330 ‚
473 277 559 318 licet
590 292 658 319 vos
676 277 850 329 doceam,
877 278 900 320 ὃ
919 277 1105 321 Romani!
1130 282 1208 324 scio
1226 287 1294 324 ta-

26 352 116 382 men
137 346 175 380 et
190 346 309 380 certus
324 354 406 381 sum
425 339 524 395 quod
547 339 630 381 mea
645 354 724 381 non
741 341 911 394 indigetis
942 344 1181 385 instructione
1193 351 1296 395 ,nt-

26 405 195 456 puttoni
225 402 325 455 pleni
353 405 440 444 estis
456 402 681 454 dilectione,
710 411 747 446 et
765 407 867 446 omni
892 405 1047 448 scientia
1064 407 1220 462 repleti;
1246 410 1296 450 ita

26 465 228 518 wpossitis
245 463 338 505 alter
354 464 506 505 alterum
526 477 694 506 monere.

80 522 172 565 Duo
194 524 240 565 ad
261 525 351 565 alios
368 525 579 566 docendum
605 527 810 566 necessaria
831 532 942 578 sunt,
966 529 1119 568 scientia
1138 534 1173 569 et
1195 526 1296 570 cha-

26 593 134 632 ritas:
154 592 305 632 scientia
324 591 661 640 redditidoneum,
681 590 838 632 charitas
862 600 966 645 urget
987 608 1180 647 capacem:
1200 609 1295 650 per-

25 650 153 695 suasus
166 667 246 694 sum
258 659 380 694 autem
395 652 494 706 quod
508 659 546 693 et
557 652 731 694 charitate
749 654 856 706 pleni
868 658 957 695 estis
967 684 983 704 ,
1003 663 1040 696 et
1054 656 1160 696 omni
1171 658 1300 699 scient

26 715 84 756 ud
97 716 240 768 repleti·

79 776 217 819 Paulus
240 775 446 832 Epistolam
471 778 553 818 finit
571 792 616 819 eo
636 793 709 833 quo
733 780 844 832 coepit
867 778 1004 830 modo,
1019 779 1157 822 scilicet
1172 809 1183 828 ‚
1199 778 1296 822 Ro·-

81 903 136 956 Y.
172 901 233 943 15.
260 900 460 943 Audaciics
492 910 618 942 autem
639 903 775 954 scripsi
797 903 943 944 vobis...
964 901 1076 944 Suam
1101 905 1296 959 epistolam

27 968 129 1020 quasi
149 964 370 1019 superfluam
389 967 587 1006 insinuavit
607 967 645 1004 in
666 959 712 1007 Ῠ.
737 964 800 1015 ι4.
819 962 897 1006 Hic
915 979 999 1006 eam
1018 974 1168 1009 excusat
1193 969 1299 1023 quasi

26 1028 271 1070 audaciorem.

82 1091 334 1131 Audacius...
351 1103 400 1130 ex
419 1096 553 1142 parte;
571 1089 608 1130 id
627 1096 709 1142 est,
729 1089 838 1144 paulo
857 1090 1003 1132 liberius
1026 1091 1147 1134 forsan
1166 1095 1298 1150 scripsi

28 1151 138 1192 vobis
152 1180 164 1202 ‚
183 1158 363 1203 tanquam
382 1152 419 1191 ιή
438 1153 701 1193 memoriam...
718 1152 757 1192 id
776 1159 831 1193 est
847 1182 858 1202 ‚
877 1166 954 1193 non
983 1160 1059 1194 tam
1076 1161 1114 1195 ut
1132 1170 1202 1196 vos
1218 1156 1300 1199 do·-

29 1228 152 1265 ceam‚
171 1218 279 1267 quam
292 1221 330 1254 ut
349 1217 385 1254 in
407 1217 623 1255 memoriam
645 1216 754 1255 vobis
773 1228 947 1256 revocem
972 1231 1052 1270 quae
1070 1220 1183 1259 scitis.

90 1279 248 1331 Propter
279 1281 441 1330 gratiam
456 1293 471 1326 ;
507 1276 574 1319 Gr.
601 1293 666 1332 per
699 1280 864 1331 gratiam.
889 1277 973 1332 Syr.
1009 1296 1075 1333 per
1091 1297 1101 1329 3
1136 1283 1175 1322 id
1215 1291 1293 1335 est,

30 1339 143 1396 idque
166 1348 204 1382 ut
232 1339 448 1394 Apostolico
471 1343 614 1382 muneri
641 1340 731 1381 mihi
758 1344 779 1381 a
816 1339 904 1382 Deo
934 1344 1109 1396 imposito
1144 1345 1299 1393 satista-¹

30 1416 138 1445 mam.

84 1463 186 1506 Nota
204 1470 240 1505 et
257 1467 386 1506 mirare
408 1462 579 1517 Apostoli
610 1464 817 1506 libertatem
837 1472 874 1506 et
891 1465 1149 1509 honestatem:
1170 1471 1298 1514 scribit

28 1531 215 1579 audacter,
245 1530 430 1571 demulcet
459 1529 630 1570 honeste.
649 1528 711 1570 Sic
735 1532 869 1571 veritas
896 1531 1012 1572 libere
1035 1531 1216 1584 dicenda3
1241 1539 1296 1578 sic

26 1591 202 1634 honestas
220 1593 355 1645 ubique
369 1591 465 1644 apud
482 1603 611 1631 omnes
631 1591 877 1633 observanda.

82 1656 185 1698 Hinc
201 1658 314 1697 discat
330 1658 450 1697 omnis
466 1657 634 1709 superior
652 1656 807 1696 subditis
830 1670 905 1696 non
920 1658 1078 1709 superbe
1095 1687 1106 1708 ‚
1133 1659 1201 1700 sed
1215 1659 1298 1702 hu-

25 1719 162 1762 militer
178 1719 300 1773 loqui,
321 1720 503 1769 scribere,
522 1719 724 1770 imperare;
746 1721 1013 1761 monitionibus
1031 1729 1070 1763 et
1088 1727 1296 1766 correctio-
1340 1761 1342 1763 ,

26 1782 139 1822 nibus,
157 1783 286 1822 miram
305 1783 455 1833 gratiam
474 1787 512 1820 et
529 1779 726 1822 efficaciam
742 1781 842 1822 dabit
862 1781 1059 1823 humilitas.

82 1840 129 1887 fi,
155 1845 218 1886 16.
243 1846 294 1886 Ut
311 1847 382 1885 sim
397 1845 565 1884 minister
575 1843 666 1883 Jesu
681 1843 861 1884 Christi...
877 1841 1050 1898 Explicat
1060 1848 1211 1899 gratiam
1225 1862 1294 1891 seu

25 1920 159 1948 munus
175 1900 247 1949 sibi
269 1908 444 1948 divinitus
463 1908 674 1958 impositum
691 1924 700 1955 3
720 1906 879 1959 explicat
900 1913 1021 1947 autem
1038 1910 1183 1962 egregia
1203 1926 1294 1963 me..

25 1969 202 2022 taphora‚
225 1970 293 2024 qua
315 1971 363 2012 de
392 1967 586 2022 Evangelii
618 1968 876 2021 praedicatione
907 1969 1088 2023 loquitur,
1111 1977 1213 2026 quasi
1241 1977 1294 2019 de

22 2032 213 2073 sacrificio.

80 2091 135 2135 Ut
151 2095 245 2135 inter
255 2092 398 2135 Gentes
407 2097 475 2135 sim
489 2097 725 2148 λειτουργος.
736 2093 914 2137 Publicus
920 2109 1107 2140 sacrorum
1120 2104 1291 2164 ministeg

25 2164 69 2199 eti
80 2155 260 2199 Sacerdos
275 2156 366 2200 Jesu
383 2156 534 2200 Christi.

80 2220 350 2274 SanctificanS.
366 2218 435 2263 Gr.
452 2222 661 2264 sacrificans
680 2222 922 2274 Evangelium
942 2222 1042 2276 Dec,
1062 2238 1129 2268 seu
1148 2241 1289 2273 conse..

26 2290 146 2325 cratus
162 2298 229 2338 per
243 2283 542 2336 praedicationem
558 2283 766 2338 Evangelii.

87 2346 140 2387 Ut
142 2345 230 2398 fiat
244 2344 384 2386 oblatio
416 2342 636 2390 Gentium...
648 2346 688 2388 id
708 2353 764 2389 est
776 2375 788 2398 ‚
807 2353 847 2389 ut
869 2344 1108 2390 Gentitismus
1128 2354 1184 2395 sic
1193 2359 1294 2412 spi—q
