1410 2554
357 50 542 83 ‘ramex
562 38 796 82 exposino.
820 37 914 93 Cap.
930 37 1016 79 111.
1270 39 1328 92 73

0 134 3 137 ·
57 116 204 160 testatur
228 110 347 167 palam
381 110 556 165 universo
590 110 745 152 mundo.
780 109 884 152 Hinc
908 109 1040 151 dicitur
1060 107 1271 161 testificata
1303 112 1330 149 ὰ

57 181 152 230 Lege
173 182 210 216 et
229 173 437 227 Prophetae's.
464 169 587 212 Sancti
606 175 741 224 veteris
757 170 991 213 Testamenti
1013 169 1250 212 crediderunt
1287 174 1328 214 in

59 239 251 284 Christum
265 242 459 276 venturum
475 249 485 283 3
503 235 587 285 iusti
607 238 698 277 novi
713 234 949 277 Testamenti
967 234 1121 276 credunt
1141 235 1180 275 in
1191 232 1330 278 Jesum

62 300 249 345 Christum
263 331 275 352 ‚
304 313 371 354 pro
387 297 496 338 nobis
519 311 664 351 passum
687 306 723 340 et
746 306 946 340 mortuum.

118 362 238 404 Porro
263 364 345 402 cum
374 360 461 399 dicit
491 356 694 413 Apostolus
711 355 781 402 nos
798 361 983 414 justificari
1020 375 1084 414 per
1108 359 1223 402 fidem
1248 364 1330 404 sine

65 427 240 481 operibus
261 454 271 474 ‚
312 421 473 463 excludit
502 422 652 474 quidem
682 437 795 476 opera
817 423 930 465 fidem
964 424 1232 477 praecedentia,
1256 430 1293 466 et
1309 428 1332 466 ὲ

64 490 139 531 fide
158 503 235 528 non
257 484 420 540 profecta
441 499 451 532 ;
476 499 551 525 non
572 486 731 526 excludit
751 494 874 528 autem
907 501 1019 541 opera
1040 488 1138 528 bona
1155 518 1166 538 ‚
1186 502 1236 530 ex
1255 487 1332 530 fide

65 559 102 594 et
120 550 232 605 gratia
246 548 382 591 Christi
398 548 489 589 saeta
512 563 520 588 :
535 548 623 589 alias
636 555 731 591 esset
742 550 813 591 sibi
831 551 899 604 ipsi
917 553 1130 592 contrarius.
1144 549 1234 594 vid.
1249 565 1334 606 cap.

64 630 104 657 2.
121 608 368 718 Jfiust‘ihgztxnlffr·
381 688 467 727 ergo
491 688 557 729 per
582 674 696 716 fidem
714 677 842 717 vivam
861 707 871 728 ‚
893 683 1001 731 prout
1019 676 1169 718 includit
1189 675 1331 719 Chari-

65 757 178 792 tatem
198 777 214 798 ‚
247 753 284 788 et
300 760 410 800 opera
433 747 533 787 bona
553 748 592 788 in
624 744 831 800 Evangelio
859 748 1118 789 commendata
1134 778 1147 801 ,
1168 744 1244 791 ‘seu
1263 765 1331 804 per

64 821 180 862 fidem
196 849 208 870 ‚
235 833 318 873 qua:
336 833 403 870 per
422 818 656 856 dilectionem
676 826 863 872 operatur.
882 815 946 858 Ad
965 817 1048 859 Gal.
1072 819 1114 860 5.

106 879 298 935 Expresse
314 888 439 922 tamen
452 880 564 920 solius
578 881 665 920 fidei
678 883 847 920 meminit
860 880 920 920 hic
933 880 983 922 D.
1002 880 1136 923 Paulus
1150 897 1160 923 ε
1177 899 1191 923 ι
1203 887 1233 923 .⁰
1247 886 1331 937 quia

65 947 159 987 fides
176 946 336 986 maxime
354 942 566 983 inculcanda
591 949 680 983 tunc
700 950 736 983 et
756 958 881 990 nunc;
905 946 962 984 2.0
979 947 1061 1000 quia
1075 945 1170 987 fides
1190 946 1329 988 sunda-

64 1014 230 1049 mentum
250 1012 307 1046 est
335 1005 602 1056 justificationis
623 1023 631 1048 ς
656 1006 750 1046 fides
766 1037 778 1057 ‚
803 1009 905 1059 quasi
929 1022 1021 1055 cor;
1056 1010 1182 1050 sicuta
1214 1011 1328 1052 corde

68 1069 146 1111 vita
167 1069 331 1111 animalis
350 1100 359 1115 ‚
379 1072 465 1109 sica
483 1069 556 1109 fide
575 1071 650 1110 vita
671 1071 876 1124 spiritualis.

12 1169 17 1185 ,b
134 1131 248 1175 Fides
263 1132 484 1174 vestibulum
503 1133 646 1173 aedificii
667 1134 858 1187 spiritualis
873 1164 883 1183 ‚
905 1137 953 1176 ait
975 1133 1026 1176 D.
1045 1133 1205 1190 Gregor.
1223 1137 1327 1194 Mag.

8 1189 21 1234 ῤ’
64 1196 208 1239 Homil.
231 1197 298 1236 50.
324 1211 384 1251 ¹9·
403 1197 441 1235 in
464 1189 606 1250 Ezech.
623 1210 688 1248 per
705 1211 786 1237 eam
802 1199 965 1238 intratur.

2 1276 17 1337 3
119 1258 236 1301 Fides
255 1259 361 1299 radix
378 1289 389 1308 ‚
415 1272 464 1299 ex
497 1273 567 1311 qua
599 1259 747 1312 pullulat
766 1267 803 1301 et
831 1264 1028 1302 succrescit
1053 1263 1212 1313 justitia:
1234 1265 1329 1308 fides

2 1314 14 1371 ¹,
61 1322 345 1365 tundamentum
365 1323 526 1374 iustitiae,
548 1336 632 1376 quae
650 1330 724 1364 tota
743 1323 830 1364 fidei
848 1326 1027 1375 innititur,
1050 1333 1087 1367 et
1107 1329 1153 1368 ab
1166 1328 1209 1370 ed
1225 1344 1326 1372 con-

16 1400 21 1417 2
60 1385 162 1426 tinne
182 1391 415 1426 sustentatur.

116 1445 231 1488 Fides
261 1447 502 1498 primogenita
533 1446 603 1486 filia
622 1449 748 1499 gratiae
773 1446 873 1499 Dei,
903 1451 987 1502 quia
1003 1452 1164 1504 primum
1184 1450 1326 1494 donum

61 1505 138 1549 Dei
170 1522 235 1561 per
252 1506 454 1547 Christum.

117 1561 165 1610 fi.
186 1583 252 1622 ²7·
277 1569 353 1608 Ubi·
368 1575 425 1607 est
442 1568 526 1618 ergo
535 1570 713 1619 gloriatio
726 1572 822 1612 tua?
841 1569 968 1612 posita
990 1574 1215 1626 praecedenti
1227 1576 1325 1619 doc-

0 1663 1 1668 ,
61 1631 153 1673 trina
167 1661 179 1682 ‚
201 1629 401 1686 Apostolus
422 1627 600 1674 Judaeum
618 1632 830 1676 Romanum
847 1666 858 1685 ,
889 1638 950 1691 qui
967 1651 1008 1677 se
1025 1635 1208 1682 Gentibus
1228 1656 1323 1696 praev

0 1698 1 1706 ¹
58 1696 200 1738 ferebat
221 1725 232 1745 ‚
254 1697 477 1748 interrogat,
495 1698 559 1738 ubi
581 1704 636 1738 est
658 1698 834 1751 gloriandi
853 1703 944 1741 ratio
972 1704 1010 1742 in
1033 1709 1110 1743 toto
1139 1704 1213 1746 hoc
1233 1707 1322 1757 jus-⁶

59 1759 266 1801 titicationis
283 1762 433 1812 negotio
449 1761 466 1800 Ρ

116 1822 286 1863 Exclusa
305 1831 375 1865 est.
406 1822 651 1879 Respondet,
671 1822 859 1880 Abrogata
878 1835 947 1869 est.
967 1827 1066 1871 Vide
1083 1824 1128 1873 Ῡ.
1149 1829 1215 1872 23.
1246 1831 1328 1874 Per·

59 1898 173 1938 quam
193 1883 339 1935 Iegem?
369 1898 415 1924 an
446 1899 511 1938 per
539 1886 657 1939 legem
681 1885 908 1940 Mosaicam‚
939 1907 1019 1946 quae
1043 1907 1155 1946 opera
1185 1898 1322 1948 praeci-

57 1947 209 2000 piebat;
235 1959 300 1986 seu
319 1961 399 2001 quae
413 1950 670 2000 praescribebat
699 1952 787 2005 quid
806 1953 1014 1995 faciendum
1031 1986 1044 2006 ‚
1073 1955 1140 1996 sed
1168 1960 1320 2010 gratiam

55 2008 215 2049 faciendi
232 2023 308 2049 non
329 2009 468 2052 dabat?
486 2006 532 2055 Ῠ.
550 2027 615 2054 20.
634 2011 898 2070 Nequaquam;
915 2019 983 2057 sed
993 2034 1060 2072 per
1073 2020 1315 2073 Iegem-fidei,

27 2084 139 2124 ..quae
162 2066 245 2111 Dei
268 2071 408 2113 donum
423 2080 503 2124 est,
523 2082 560 2116 et
581 2090 664 2130 quae
679 2077 787 2120 docet
802 2079 849 2119 ad
867 2083 1019 2133 gratiam
1040 2080 1176 2125 Christi
1190 2096 1318 2125 recur-

10 2128 37 2183 ⁶,
53 2146 136 2174 sum
153 2163 163 2184 ‚
185 2133 255 2188 qua
271 2130 550 2192 Dei-praecepta
565 2141 828 2194 compleamus.

106 2193 154 2238 7.
178 2197 245 2240 28.
276 2199 520 2241 Arbitromur
540 2206 640 2244 enim
651 2204 872 2258 justificari
884 2238 895 2250 .
920 2206 989 2251 Gr.
1006 2212 1148 2253 ratione
1165 2212 1315 2266 colligi-

51 2271 132 2301 mus
149 2275 238 2316 ergo
263 2262 339 2305 fide
357 2265 542 2317 justificari
562 2267 752 2312 hominem
770 2300 782 2324 ‚
797 2279 869 2315 etc.

278 2396 314 2426 1.
1078 2396 1106 2448 4
