<?xml version="1.0" encoding="UTF-8"?>
<!DOCTYPE html PUBLIC "-//W3C//DTD XHTML 1.0 Transitional//EN"
    "http://www.w3.org/TR/xhtml1/DTD/xhtml1-transitional.dtd">
<html xmlns="http://www.w3.org/1999/xhtml" xml:lang="en" lang="en">
 <head>
  <title>
</title>
<meta http-equiv="Content-Type" content="text/html;charset=utf-8" />
  <meta name='ocr-system' content='tesseract 3.04.00' />
  <meta name='ocr-capabilities' content='ocr_page ocr_carea ocr_par ocr_line ocrx_word'/>
</head>
<body>
  <div class='ocr_page' id='page_1' title='image "./epistolaumbpauli01picq_0065.png"; bbox 0 0 1410 2554; ppageno 0'>
   <div class='ocr_carea' id='block_1_1' title="bbox 0 42 1259 2312">
    <p class='ocr_par' dir='ltr' id='par_1_1' title="bbox 0 42 1241 302">
     <span class='ocr_line' id='line_1_1' title="bbox 101 42 1233 104; baseline -0.014 -9"><span class='ocrx_word' id='word_1_1' title='bbox 101 101 109 104; x_wconf 12' lang='lat' dir='ltr'>N</span> <span class='ocrx_word' id='word_1_2' title='bbox 282 49 724 93; x_wconf 48' lang='lat' dir='ltr'>rnffmfflt-xrosmo.</span> <span class='ocrx_word' id='word_1_3' title='bbox 754 44 850 98; x_wconf 64' lang='grc' dir='ltr'>6η.</span> <span class='ocrx_word' id='word_1_4' title='bbox 876 42 916 85; x_wconf 89' lang='lat'>1.</span> <span class='ocrx_word' id='word_1_5' title='bbox 1181 51 1233 79; x_wconf 66' lang='grc' dir='ltr'>ιι</span> 
     </span>
     <span class='ocr_line' id='line_1_2' title="bbox 0 109 1241 173; baseline -0.018 -4"><span class='ocrx_word' id='word_1_6' title='bbox 0 127 64 171; x_wconf 84' lang='lat' dir='ltr'>Gr.</span> <span class='ocrx_word' id='word_1_7' title='bbox 77 115 411 173; x_wconf 76' lang='lat' dir='ltr'>vivet.Utrurnque</span> <span class='ocrx_word' id='word_1_8' title='bbox 421 131 550 159; x_wconf 84' lang='lat' dir='ltr'>verum</span> <span class='ocrx_word' id='word_1_9' title='bbox 565 123 620 158; x_wconf 84' lang='lat' dir='ltr'>est</span> <span class='ocrx_word' id='word_1_10' title='bbox 633 129 645 153; x_wconf 69' lang='grc' dir='ltr'><em>τ</em></span> <span class='ocrx_word' id='word_1_11' title='bbox 659 124 696 159; x_wconf 86' lang='lat' dir='ltr'>et</span> <span class='ocrx_word' id='word_1_12' title='bbox 711 117 825 168; x_wconf 74' lang='lat' dir='ltr'>justus</span> <span class='ocrx_word' id='word_1_13' title='bbox 833 127 934 156; x_wconf 86' lang='lat' dir='ltr'>nunc</span> <span class='ocrx_word' id='word_1_14' title='bbox 946 110 1022 154; x_wconf 64' lang='lat' dir='ltr'>vita</span> <span class='ocrx_word' id='word_1_15' title='bbox 1037 110 1161 164; x_wconf 78' lang='lat' dir='ltr'>gratiae</span> <span class='ocrx_word' id='word_1_16' title='bbox 1179 109 1241 148; x_wconf 76' lang='lat' dir='ltr'>vi·</span> 
     </span>
     <span class='ocr_line' id='line_1_3' title="bbox 0 173 1238 236; baseline -0.012 -8"><span class='ocrx_word' id='word_1_17' title='bbox 0 192 36 234; x_wconf 66' lang='lat' dir='ltr'>iit</span> <span class='ocrx_word' id='word_1_18' title='bbox 47 204 96 232; x_wconf 75' lang='lat' dir='ltr'>ex</span> <span class='ocrx_word' id='word_1_19' title='bbox 114 187 211 236; x_wconf 86' lang='lat' dir='ltr'>fide,</span> <span class='ocrx_word' id='word_1_20' title='bbox 230 189 266 224; x_wconf 90' lang='lat' dir='ltr'>et</span> <span class='ocrx_word' id='word_1_21' title='bbox 284 196 332 223; x_wconf 88' lang='lat' dir='ltr'>ex</span> <span class='ocrx_word' id='word_1_22' title='bbox 345 181 418 223; x_wconf 78' lang='lat' dir='ltr'>fide</span> <span class='ocrx_word' id='word_1_23' title='bbox 430 183 533 221; x_wconf 83' lang='lat' dir='ltr'>vivet</span> <span class='ocrx_word' id='word_1_24' title='bbox 547 179 741 232; x_wconf 75' lang='lat' dir='ltr'>atiquando</span> <span class='ocrx_word' id='word_1_25' title='bbox 757 176 835 219; x_wconf 61' lang='lat' dir='ltr'>vita</span> <span class='ocrx_word' id='word_1_26' title='bbox 851 175 974 230; x_wconf 78' lang='lat' dir='ltr'>gioriae</span> <span class='ocrx_word' id='word_1_27' title='bbox 993 192 1003 223; x_wconf 79' lang='lat'>3</span> <span class='ocrx_word' id='word_1_28' title='bbox 1024 173 1238 215; x_wconf 74' lang='lat' dir='ltr'>aeternitatis</span> 
     </span>
     <span class='ocr_line' id='line_1_4' title="bbox 0 241 1071 302; baseline -0.018 -3"><span class='ocrx_word' id='word_1_29' title='bbox 0 258 84 299; x_wconf 79' lang='lat' dir='ltr'>mim</span> <span class='ocrx_word' id='word_1_30' title='bbox 105 254 181 292; x_wconf 79' lang='lat' dir='ltr'>vita</span> <span class='ocrx_word' id='word_1_31' title='bbox 198 247 334 302; x_wconf 79' lang='lat' dir='ltr'><strong>pendet</strong></span> <span class='ocrx_word' id='word_1_32' title='bbox 354 249 374 286; x_wconf 72' lang='grc' dir='ltr'>ὲ</span> <span class='ocrx_word' id='word_1_33' title='bbox 390 246 474 299; x_wconf 54' lang='lat' dir='ltr'>fide..</span> <span class='ocrx_word' id='word_1_34' title='bbox 493 243 570 296; x_wconf 88' lang='lat' dir='ltr'>Qui</span> <span class='ocrx_word' id='word_1_35' title='bbox 585 243 836 285; x_wconf 87' lang='lat' dir='ltr'>crediderit....</span> <span class='ocrx_word' id='word_1_36' title='bbox 856 241 978 282; x_wconf 78' lang='lat' dir='ltr'>salvus</span> <span class='ocrx_word' id='word_1_37' title='bbox 991 242 1071 281; x_wconf 84' lang='lat' dir='ltr'>erit.</span> 
     </span>
    </p>

    <p class='ocr_par' dir='ltr' id='par_1_2' title="bbox 40 301 1241 364">
     <span class='ocr_line' id='line_1_5' title="bbox 40 301 1241 364; baseline -0.01 -12"><span class='ocrx_word' id='word_1_38' title='bbox 40 315 145 359; x_wconf 76' lang='lat' dir='ltr'>Nota</span> <span class='ocrx_word' id='word_1_39' title='bbox 171 316 225 353; x_wconf 86' lang='lat'>1.⁰</span> <span class='ocrx_word' id='word_1_40' title='bbox 245 325 310 364; x_wconf 87' lang='lat' dir='ltr'>per</span> <span class='ocrx_word' id='word_1_41' title='bbox 318 310 511 363; x_wconf 73' lang='lat' dir='ltr'>justitiam</span> <span class='ocrx_word' id='word_1_42' title='bbox 532 307 627 356; x_wconf 81' lang='lat' dir='ltr'>Dei,</span> <span class='ocrx_word' id='word_1_43' title='bbox 640 305 712 346; x_wconf 67' lang='lat' dir='ltr'>hae</span> <span class='ocrx_word' id='word_1_44' title='bbox 725 307 763 345; x_wconf 90' lang='lat' dir='ltr'>in</span> <span class='ocrx_word' id='word_1_45' title='bbox 785 301 972 356; x_wconf 59' lang='lat' dir='ltr'>Epistott&#39;a,</span> <span class='ocrx_word' id='word_1_46' title='bbox 991 301 1140 352; x_wconf 75' lang='lat' dir='ltr'>intelligi</span> <span class='ocrx_word' id='word_1_47' title='bbox 1161 313 1241 341; x_wconf 91' lang='lat' dir='ltr'>non</span> 
     </span>
    </p>

    <p class='ocr_par' dir='ltr' id='par_1_3' title="bbox 0 364 1252 1310">
     <span class='ocr_line' id='line_1_6' title="bbox 0 364 1241 431; baseline -0.016 -10"><span class='ocrx_word' id='word_1_48' title='bbox 0 380 87 420; x_wconf 82' lang='lat' dir='ltr'>llam</span> <span class='ocrx_word' id='word_1_49' title='bbox 120 375 195 431; x_wconf 62' lang='lat' dir='ltr'>qua</span> <span class='ocrx_word' id='word_1_50' title='bbox 211 375 315 418; x_wconf 87' lang='lat' dir='ltr'>Deus</span> <span class='ocrx_word' id='word_1_51' title='bbox 335 376 448 425; x_wconf 81' lang='lat' dir='ltr'>justus</span> <span class='ocrx_word' id='word_1_52' title='bbox 466 375 547 418; x_wconf 83' lang='lat' dir='ltr'>est,</span> <span class='ocrx_word' id='word_1_53' title='bbox 569 368 636 408; x_wconf 84' lang='lat' dir='ltr'>sed</span> <span class='ocrx_word' id='word_1_54' title='bbox 657 381 738 408; x_wconf 84' lang='lat' dir='ltr'>eam</span> <span class='ocrx_word' id='word_1_55' title='bbox 757 366 828 420; x_wconf 57' lang='lat' dir='ltr'>qud</span> <span class='ocrx_word' id='word_1_56' title='bbox 853 364 969 406; x_wconf 86' lang='lat' dir='ltr'>horno</span> <span class='ocrx_word' id='word_1_57' title='bbox 993 367 1082 404; x_wconf 75' lang='lat' dir='ltr'>vere</span> <span class='ocrx_word' id='word_1_58' title='bbox 1102 369 1138 402; x_wconf 89' lang='lat' dir='ltr'>et</span> <span class='ocrx_word' id='word_1_59' title='bbox 1167 374 1241 401; x_wconf 88' lang='lat' dir='ltr'>co-</span> 
     </span>
     <span class='ocr_line' id='line_1_7' title="bbox 0 422 1241 489; baseline -0.014 -9"><span class='ocrx_word' id='word_1_60' title='bbox 0 455 64 482; x_wconf 87' lang='lat' dir='ltr'>·am</span> <span class='ocrx_word' id='word_1_61' title='bbox 87 437 173 480; x_wconf 92' lang='lat' dir='ltr'>Deo</span> <span class='ocrx_word' id='word_1_62' title='bbox 192 439 306 489; x_wconf 80' lang='lat' dir='ltr'>iustus</span> <span class='ocrx_word' id='word_1_63' title='bbox 324 441 390 476; x_wconf 87' lang='lat' dir='ltr'>est.</span> <span class='ocrx_word' id='word_1_64' title='bbox 411 430 556 473; x_wconf 82' lang='lat' dir='ltr'><strong>Dicitur</strong></span> <span class='ocrx_word' id='word_1_65' title='bbox 576 436 698 470; x_wconf 89' lang='lat' dir='ltr'>autem</span> <span class='ocrx_word' id='word_1_66' title='bbox 726 429 799 468; x_wconf 78' lang='lat' dir='ltr'>Dei</span> <span class='ocrx_word' id='word_1_67' title='bbox 811 456 825 476; x_wconf 89' lang='lat'><em>,</em></span> <span class='ocrx_word' id='word_1_68' title='bbox 849 429 932 479; x_wconf 77' lang='lat' dir='ltr'>quia</span> <span class='ocrx_word' id='word_1_69' title='bbox 953 429 975 465; x_wconf 76' lang='grc' dir='ltr'>ὲ</span> <span class='ocrx_word' id='word_1_70' title='bbox 995 422 1081 466; x_wconf 85' lang='lat' dir='ltr'>Deo</span> <span class='ocrx_word' id='word_1_71' title='bbox 1104 429 1184 476; x_wconf 84' lang='lat' dir='ltr'>est,</span> <span class='ocrx_word' id='word_1_72' title='bbox 1203 428 1241 463; x_wconf 77' lang='lat' dir='ltr'>et</span> 
     </span>
     <span class='ocr_line' id='line_1_8' title="bbox 0 489 945 561; baseline -0.015 -19"><span class='ocrx_word' id='word_1_73' title='bbox 0 505 70 561; x_wconf 56' lang='lat' dir='ltr'>,uia</span> <span class='ocrx_word' id='word_1_74' title='bbox 87 514 210 542; x_wconf 83' lang='lat' dir='ltr'>coram</span> <span class='ocrx_word' id='word_1_75' title='bbox 233 494 326 540; x_wconf 88' lang='lat' dir='ltr'>Deo</span> <span class='ocrx_word' id='word_1_76' title='bbox 349 497 481 547; x_wconf 81' lang='lat' dir='ltr'>justum</span> <span class='ocrx_word' id='word_1_77' title='bbox 503 491 623 532; x_wconf 85' lang='lat' dir='ltr'>reddit</span> <span class='ocrx_word' id='word_1_78' title='bbox 646 521 658 542; x_wconf 91' lang='lat'>‚</span> <span class='ocrx_word' id='word_1_79' title='bbox 681 492 789 543; x_wconf 88' lang='lat' dir='ltr'>eique</span> <span class='ocrx_word' id='word_1_80' title='bbox 814 489 945 541; x_wconf 84' lang='lat' dir='ltr'>placet.</span> 
     </span>
     <span class='ocr_line' id='line_1_9' title="bbox 0 554 1244 619; baseline -0.016 -8"><span class='ocrx_word' id='word_1_81' title='bbox 0 574 6 582; x_wconf 89' lang='lat'><em>&#39;</em></span> <span class='ocrx_word' id='word_1_82' title='bbox 42 567 144 610; x_wconf 83' lang='lat' dir='ltr'>Nota</span> <span class='ocrx_word' id='word_1_83' title='bbox 176 571 234 607; x_wconf 63' lang='lat'>2!¹</span> <span class='ocrx_word' id='word_1_84' title='bbox 266 563 365 619; x_wconf 82' lang='lat' dir='ltr'>quod</span> <span class='ocrx_word' id='word_1_85' title='bbox 396 562 476 604; x_wconf 85' lang='lat' dir='ltr'>haec</span> <span class='ocrx_word' id='word_1_86' title='bbox 503 561 637 612; x_wconf 89' lang='lat' dir='ltr'>justitia</span> <span class='ocrx_word' id='word_1_87' title='bbox 662 559 709 598; x_wconf 87' lang='lat' dir='ltr'>sit</span> <span class='ocrx_word' id='word_1_88' title='bbox 737 556 901 597; x_wconf 86' lang='lat' dir='ltr'>hominis</span> <span class='ocrx_word' id='word_1_89' title='bbox 930 555 1037 605; x_wconf 85' lang='lat' dir='ltr'>justi,</span> <span class='ocrx_word' id='word_1_90' title='bbox 1068 566 1134 593; x_wconf 87' lang='lat' dir='ltr'>seu</span> <span class='ocrx_word' id='word_1_91' title='bbox 1154 554 1244 592; x_wconf 72' lang='lat' dir='ltr'>vere</span> 
     </span>
     <span class='ocr_line' id='line_1_10' title="bbox 0 616 1246 683; baseline -0.016 -10"><span class='ocrx_word' id='word_1_92' title='bbox 0 623 62 683; x_wconf 63' lang='lat' dir='ltr'>bit,</span> <span class='ocrx_word' id='word_1_93' title='bbox 81 633 155 672; x_wconf 85' lang='lat' dir='ltr'>vita</span> <span class='ocrx_word' id='word_1_94' title='bbox 174 626 380 683; x_wconf 66' lang='lat' dir='ltr'>spirituaiis.</span> <span class='ocrx_word' id='word_1_95' title='bbox 397 623 500 666; x_wconf 84' lang='lat' dir='ltr'><strong>Sicut</strong></span> <span class='ocrx_word' id='word_1_96' title='bbox 518 624 618 663; x_wconf 88' lang='lat' dir='ltr'>enim</span> <span class='ocrx_word' id='word_1_97' title='bbox 634 619 796 661; x_wconf 78' lang='lat' dir='ltr'>animatis</span> <span class='ocrx_word' id='word_1_98' title='bbox 817 618 933 659; x_wconf 90' lang='lat' dir='ltr'>homo</span> <span class='ocrx_word' id='word_1_99' title='bbox 958 630 1006 657; x_wconf 83' lang='lat' dir='ltr'>ex</span> <span class='ocrx_word' id='word_1_100' title='bbox 1023 616 1134 656; x_wconf 88' lang='lat' dir='ltr'>rebus</span> <span class='ocrx_word' id='word_1_101' title='bbox 1157 627 1246 654; x_wconf 86' lang='lat' dir='ltr'>sen·</span> 
     </span>
     <span class='ocr_line' id='line_1_11' title="bbox 0 678 1248 736; baseline -0.014 -2"><span class='ocrx_word' id='word_1_102' title='bbox 0 679 105 736; x_wconf 61' lang='lat' dir='ltr'>{itivis</span> <span class='ocrx_word' id='word_1_103' title='bbox 135 699 171 733; x_wconf 87' lang='lat' dir='ltr'>et</span> <span class='ocrx_word' id='word_1_104' title='bbox 185 688 398 731; x_wconf 66' lang='lat' dir='ltr'>animatibus</span> <span class='ocrx_word' id='word_1_105' title='bbox 429 688 548 733; x_wconf 75' lang='lat' dir='ltr'>vivit3</span> <span class='ocrx_word' id='word_1_106' title='bbox 578 692 614 726; x_wconf 90' lang='lat' dir='ltr'>et</span> <span class='ocrx_word' id='word_1_107' title='bbox 631 687 722 726; x_wconf 87' lang='lat' dir='ltr'>sicut</span> <span class='ocrx_word' id='word_1_108' title='bbox 739 683 856 723; x_wconf 82' lang='lat' dir='ltr'>homo</span> <span class='ocrx_word' id='word_1_109' title='bbox 878 679 1120 734; x_wconf 84' lang='lat' dir='ltr'>philosophus</span> <span class='ocrx_word' id='word_1_110' title='bbox 1154 678 1248 718; x_wconf 85' lang='lat' dir='ltr'>vivit</span> 
     </span>
     <span class='ocr_line' id='line_1_12' title="bbox 0 739 1243 804; baseline -0.014 -5"><span class='ocrx_word' id='word_1_111' title='bbox 0 771 40 799; x_wconf 72' lang='lat' dir='ltr'>ex</span> <span class='ocrx_word' id='word_1_112' title='bbox 66 759 230 798; x_wconf 82' lang='lat' dir='ltr'>ratione:</span> <span class='ocrx_word' id='word_1_113' title='bbox 264 758 311 795; x_wconf 84' lang='lat' dir='ltr'>ita</span> <span class='ocrx_word' id='word_1_114' title='bbox 340 753 455 793; x_wconf 91' lang='lat' dir='ltr'>homo</span> <span class='ocrx_word' id='word_1_115' title='bbox 477 755 592 804; x_wconf 76' lang='lat' dir='ltr'>justus</span> <span class='ocrx_word' id='word_1_116' title='bbox 610 779 620 799; x_wconf 83' lang='lat'>‚</span> <span class='ocrx_word' id='word_1_117' title='bbox 653 745 881 788; x_wconf 85' lang='lat' dir='ltr'>Christianus</span> <span class='ocrx_word' id='word_1_118' title='bbox 904 761 951 788; x_wconf 87' lang='lat' dir='ltr'>ex</span> <span class='ocrx_word' id='word_1_119' title='bbox 983 744 1119 796; x_wconf 69' lang='lat' dir='ltr'>justitid</span> <span class='ocrx_word' id='word_1_120' title='bbox 1139 739 1243 791; x_wconf 81' lang='lat' dir='ltr'>Dei,</span> 
     </span>
     <span class='ocr_line' id='line_1_13' title="bbox 0 808 1250 875; baseline -0.01 -13"><span class='ocrx_word' id='word_1_121' title='bbox 0 835 54 864; x_wconf 74' lang='lat' dir='ltr'>;eu</span> <span class='ocrx_word' id='word_1_122' title='bbox 76 837 123 865; x_wconf 86' lang='lat' dir='ltr'>ex</span> <span class='ocrx_word' id='word_1_123' title='bbox 143 821 276 875; x_wconf 58' lang='lat' dir='ltr'>justitia</span> <span class='ocrx_word' id='word_1_124' title='bbox 289 808 388 874; x_wconf 52' lang='lat' dir='ltr'>{qud</span> <span class='ocrx_word' id='word_1_125' title='bbox 403 832 524 859; x_wconf 72' lang='lat' dir='ltr'>coram</span> <span class='ocrx_word' id='word_1_126' title='bbox 544 815 629 857; x_wconf 87' lang='lat' dir='ltr'>Deo</span> <span class='ocrx_word' id='word_1_127' title='bbox 651 817 763 866; x_wconf 84' lang='lat' dir='ltr'>justus</span> <span class='ocrx_word' id='word_1_128' title='bbox 781 821 861 864; x_wconf 83' lang='lat' dir='ltr'>est,</span> <span class='ocrx_word' id='word_1_129' title='bbox 880 815 986 854; x_wconf 81' lang='lat' dir='ltr'>vivit.</span> <span class='ocrx_word' id='word_1_130' title='bbox 1010 810 1105 853; x_wconf 82' lang='lat' dir='ltr'>Haec</span> <span class='ocrx_word' id='word_1_131' title='bbox 1125 817 1250 851; x_wconf 84' lang='lat' dir='ltr'>autem</span> 
     </span>
     <span class='ocr_line' id='line_1_14' title="bbox 0 872 1249 938; baseline -0.014 -8"><span class='ocrx_word' id='word_1_132' title='bbox 0 890 142 938; x_wconf 80' lang='lat' dir='ltr'>iustitia,</span> <span class='ocrx_word' id='word_1_133' title='bbox 158 886 341 936; x_wconf 66' lang='lat' dir='ltr'>justivssa,</span> <span class='ocrx_word' id='word_1_134' title='bbox 361 883 438 923; x_wconf 90' lang='lat' dir='ltr'>fluit</span> <span class='ocrx_word' id='word_1_135' title='bbox 458 885 478 920; x_wconf 72' lang='grc' dir='ltr'>ὲ</span> <span class='ocrx_word' id='word_1_136' title='bbox 500 881 593 928; x_wconf 85' lang='lat' dir='ltr'>fide,</span> <span class='ocrx_word' id='word_1_137' title='bbox 627 885 800 931; x_wconf 82' lang='lat' dir='ltr'>tanquam</span> <span class='ocrx_word' id='word_1_138' title='bbox 831 880 850 916; x_wconf 77' lang='grc' dir='ltr'>ὲ</span> <span class='ocrx_word' id='word_1_139' title='bbox 874 876 995 918; x_wconf 83' lang='lat' dir='ltr'>radice</span> <span class='ocrx_word' id='word_1_140' title='bbox 1010 905 1022 926; x_wconf 90' lang='lat'>‚</span> <span class='ocrx_word' id='word_1_141' title='bbox 1054 890 1118 916; x_wconf 84' lang='lat' dir='ltr'>seu</span> <span class='ocrx_word' id='word_1_142' title='bbox 1147 872 1249 926; x_wconf 88' lang='lat' dir='ltr'>quod</span> 
     </span>
     <span class='ocr_line' id='line_1_15' title="bbox 0 935 1251 1000; baseline -0.014 -7"><span class='ocrx_word' id='word_1_143' title='bbox 0 953 93 993; x_wconf 66' lang='lat' dir='ltr'>adem</span> <span class='ocrx_word' id='word_1_144' title='bbox 105 957 159 990; x_wconf 86' lang='lat' dir='ltr'>est</span> <span class='ocrx_word' id='word_1_145' title='bbox 175 979 186 1000; x_wconf 89' lang='lat'>‚</span> <span class='ocrx_word' id='word_1_146' title='bbox 207 945 327 993; x_wconf 76' lang='lat' dir='ltr'>fides,</span> <span class='ocrx_word' id='word_1_147' title='bbox 371 947 512 986; x_wconf 86' lang='lat' dir='ltr'>initium</span> <span class='ocrx_word' id='word_1_148' title='bbox 529 973 539 992; x_wconf 83' lang='lat'>‚</span> <span class='ocrx_word' id='word_1_149' title='bbox 570 941 696 987; x_wconf 83' lang='lat' dir='ltr'>radix,</span> <span class='ocrx_word' id='word_1_150' title='bbox 728 955 790 981; x_wconf 90' lang='lat' dir='ltr'>cor</span> <span class='ocrx_word' id='word_1_151' title='bbox 808 939 917 991; x_wconf 82' lang='lat' dir='ltr'>hujus</span> <span class='ocrx_word' id='word_1_152' title='bbox 935 940 1021 979; x_wconf 77' lang='lat' dir='ltr'>vitae</span> <span class='ocrx_word' id='word_1_153' title='bbox 1046 935 1251 989; x_wconf 83' lang='lat' dir='ltr'>spiritualis.</span> 
     </span>
     <span class='ocr_line' id='line_1_16' title="bbox 0 1002 1250 1066; baseline -0.013 -10"><span class='ocrx_word' id='word_1_154' title='bbox 0 1012 108 1066; x_wconf 82' lang='lat' dir='ltr'>Cujus</span> <span class='ocrx_word' id='word_1_155' title='bbox 123 1013 299 1053; x_wconf 82' lang='lat' dir='ltr'>doctrinae</span> <span class='ocrx_word' id='word_1_156' title='bbox 315 1009 598 1050; x_wconf 81' lang='lat' dir='ltr'>fundamentum</span> <span class='ocrx_word' id='word_1_157' title='bbox 617 1012 671 1046; x_wconf 85' lang='lat' dir='ltr'>est</span> <span class='ocrx_word' id='word_1_158' title='bbox 683 1003 756 1045; x_wconf 87' lang='lat' dir='ltr'>Dei</span> <span class='ocrx_word' id='word_1_159' title='bbox 772 1004 956 1052; x_wconf 75' lang='lat' dir='ltr'>votuntas‚</span> <span class='ocrx_word' id='word_1_160' title='bbox 980 1002 1250 1056; x_wconf 64' lang='lat' dir='ltr'>sapientissime</span> 
     </span>
     <span class='ocr_line' id='line_1_17' title="bbox 0 1064 1251 1125; baseline -0.013 -8"><span class='ocrx_word' id='word_1_161' title='bbox 0 1077 209 1124; x_wconf 78' lang='lat' dir='ltr'>›rdinantis‚</span> <span class='ocrx_word' id='word_1_162' title='bbox 227 1073 418 1122; x_wconf 80' lang='lat' dir='ltr'>utnullus,</span> <span class='ocrx_word' id='word_1_163' title='bbox 443 1076 526 1125; x_wconf 88' lang='lat' dir='ltr'>post</span> <span class='ocrx_word' id='word_1_164' title='bbox 550 1068 690 1122; x_wconf 86' lang='lat' dir='ltr'>lapsum</span> <span class='ocrx_word' id='word_1_165' title='bbox 716 1069 858 1121; x_wconf 83' lang='lat' dir='ltr'>peccati</span> <span class='ocrx_word' id='word_1_166' title='bbox 874 1096 884 1115; x_wconf 83' lang='grc'><em>,</em></span> <span class='ocrx_word' id='word_1_167' title='bbox 901 1068 938 1106; x_wconf 89' lang='lat' dir='ltr'>in</span> <span class='ocrx_word' id='word_1_168' title='bbox 964 1070 1096 1105; x_wconf 80' lang='lat' dir='ltr'>statum</span> <span class='ocrx_word' id='word_1_169' title='bbox 1127 1064 1251 1116; x_wconf 77' lang='lat' dir='ltr'>gratiae</span> 
     </span>
     <span class='ocr_line' id='line_1_18' title="bbox 0 1123 1251 1186; baseline -0.009 -7"><span class='ocrx_word' id='word_1_170' title='bbox 0 1141 261 1186; x_wconf 73' lang='lat' dir='ltr'>restitueretur,</span> <span class='ocrx_word' id='word_1_171' title='bbox 281 1138 351 1176; x_wconf 87' lang='lat' dir='ltr'>nisi</span> <span class='ocrx_word' id='word_1_172' title='bbox 383 1136 549 1177; x_wconf 86' lang='lat' dir='ltr'>crederet</span> <span class='ocrx_word' id='word_1_173' title='bbox 575 1135 615 1174; x_wconf 90' lang='lat' dir='ltr'>in</span> <span class='ocrx_word' id='word_1_174' title='bbox 638 1134 780 1186; x_wconf 85' lang='lat' dir='ltr'>ipsum,</span> <span class='ocrx_word' id='word_1_175' title='bbox 817 1137 852 1172; x_wconf 91' lang='lat' dir='ltr'>et</span> <span class='ocrx_word' id='word_1_176' title='bbox 879 1131 916 1170; x_wconf 90' lang='lat' dir='ltr'>in</span> <span class='ocrx_word' id='word_1_177' title='bbox 951 1123 1148 1169; x_wconf 84' lang='lat' dir='ltr'>Christum</span> <span class='ocrx_word' id='word_1_178' title='bbox 1163 1126 1251 1168; x_wconf 84' lang='lat' dir='ltr'>Re-</span> 
     </span>
     <span class='ocr_line' id='line_1_19' title="bbox 0 1189 1252 1254; baseline -0.008 -12"><span class='ocrx_word' id='word_1_179' title='bbox 0 1202 236 1254; x_wconf 69' lang='lat' dir='ltr'>demptorem.</span> <span class='ocrx_word' id='word_1_180' title='bbox 255 1198 358 1239; x_wconf 87' lang='lat' dir='ltr'>Hinc</span> <span class='ocrx_word' id='word_1_181' title='bbox 371 1200 452 1238; x_wconf 89' lang='lat' dir='ltr'>sine</span> <span class='ocrx_word' id='word_1_182' title='bbox 467 1197 540 1237; x_wconf 83' lang='lat' dir='ltr'>tide</span> <span class='ocrx_word' id='word_1_183' title='bbox 560 1194 787 1249; x_wconf 78' lang='lat' dir='ltr'>impossibile</span> <span class='ocrx_word' id='word_1_184' title='bbox 802 1200 857 1234; x_wconf 87' lang='lat' dir='ltr'>est</span> <span class='ocrx_word' id='word_1_185' title='bbox 882 1192 1022 1247; x_wconf 82' lang='lat' dir='ltr'>placere</span> <span class='ocrx_word' id='word_1_186' title='bbox 1036 1189 1120 1233; x_wconf 90' lang='lat' dir='ltr'>Deo</span> <span class='ocrx_word' id='word_1_187' title='bbox 1137 1207 1146 1232; x_wconf 73' lang='grc' dir='ltr'><strong><em>ε</em></strong></span> <span class='ocrx_word' id='word_1_188' title='bbox 1163 1192 1252 1234; x_wconf 84' lang='lat' dir='ltr'>hine</span> 
     </span>
     <span class='ocr_line' id='line_1_20' title="bbox 0 1258 834 1310; baseline -0.007 -8"><span class='ocrx_word' id='word_1_189' title='bbox 0 1263 173 1303; x_wconf 82' lang='lat' dir='ltr'>accedens</span> <span class='ocrx_word' id='word_1_190' title='bbox 196 1262 240 1302; x_wconf 82' lang='lat' dir='ltr'>ad</span> <span class='ocrx_word' id='word_1_191' title='bbox 261 1258 383 1301; x_wconf 85' lang='lat' dir='ltr'>Deum</span> <span class='ocrx_word' id='word_1_192' title='bbox 399 1260 549 1302; x_wconf 83' lang='lat' dir='ltr'>credere</span> <span class='ocrx_word' id='word_1_193' title='bbox 572 1264 745 1310; x_wconf 76' lang='lat' dir='ltr'>oportet,</span> <span class='ocrx_word' id='word_1_194' title='bbox 765 1263 834 1297; x_wconf 90' lang='lat' dir='ltr'>etc.</span> 
     </span>
    </p>

    <p class='ocr_par' dir='ltr' id='par_1_4' title="bbox 0 1314 1256 1877">
     <span class='ocr_line' id='line_1_21' title="bbox 45 1314 1255 1370; baseline -0.004 -4"><span class='ocrx_word' id='word_1_195' title='bbox 45 1321 160 1365; x_wconf 88' lang='lat' dir='ltr'><strong>Unde</strong></span> <span class='ocrx_word' id='word_1_196' title='bbox 181 1326 279 1365; x_wconf 88' lang='lat' dir='ltr'>bene</span> <span class='ocrx_word' id='word_1_197' title='bbox 304 1323 411 1364; x_wconf 83' lang='lat' dir='ltr'>insert</span> <span class='ocrx_word' id='word_1_198' title='bbox 437 1324 556 1362; x_wconf 87' lang='lat' dir='ltr'>omnis</span> <span class='ocrx_word' id='word_1_199' title='bbox 576 1315 797 1361; x_wconf 73' lang='lat' dir='ltr'>catholicus</span> <span class='ocrx_word' id='word_1_200' title='bbox 812 1350 823 1370; x_wconf 87' lang='lat'>‚</span> <span class='ocrx_word' id='word_1_201' title='bbox 845 1333 928 1359; x_wconf 91' lang='lat' dir='ltr'>cum</span> <span class='ocrx_word' id='word_1_202' title='bbox 949 1314 1121 1359; x_wconf 84' lang='lat' dir='ltr'>Concilio</span> <span class='ocrx_word' id='word_1_203' title='bbox 1144 1317 1255 1363; x_wconf 87' lang='lat' dir='ltr'>Trid.</span> 
     </span>
     <span class='ocr_line' id='line_1_22' title="bbox 0 1382 1255 1438; baseline -0.005 -9"><span class='ocrx_word' id='word_1_204' title='bbox 0 1401 84 1429; x_wconf 73' lang='lat' dir='ltr'>sess.</span> <span class='ocrx_word' id='word_1_205' title='bbox 105 1383 156 1438; x_wconf 83' lang='lat'>6,</span> <span class='ocrx_word' id='word_1_206' title='bbox 180 1402 212 1427; x_wconf 88' lang='lat' dir='ltr'>c.</span> <span class='ocrx_word' id='word_1_207' title='bbox 245 1387 283 1428; x_wconf 93' lang='lat'>8.</span> <span class='ocrx_word' id='word_1_208' title='bbox 304 1386 416 1426; x_wconf 80' lang='lat' dir='ltr'>fidem</span> <span class='ocrx_word' id='word_1_209' title='bbox 448 1387 600 1425; x_wconf 80' lang='lat' dir='ltr'>omnino</span> <span class='ocrx_word' id='word_1_210' title='bbox 628 1384 870 1424; x_wconf 83' lang='lat' dir='ltr'>necessariam</span> <span class='ocrx_word' id='word_1_211' title='bbox 902 1396 983 1423; x_wconf 85' lang='lat' dir='ltr'>esse</span> <span class='ocrx_word' id='word_1_212' title='bbox 998 1382 1044 1422; x_wconf 82' lang='lat' dir='ltr'>ad</span> <span class='ocrx_word' id='word_1_213' title='bbox 1073 1382 1255 1433; x_wconf 81' lang='lat' dir='ltr'>justifica-</span> 
     </span>
     <span class='ocr_line' id='line_1_23' title="bbox 0 1440 1254 1496; baseline -0.002 -7"><span class='ocrx_word' id='word_1_214' title='bbox 0 1449 143 1492; x_wconf 73' lang='lat' dir='ltr'>tionem.</span> <span class='ocrx_word' id='word_1_215' title='bbox 164 1446 337 1491; x_wconf 70' lang='lat' dir='ltr'>Pessime</span> <span class='ocrx_word' id='word_1_216' title='bbox 371 1455 491 1488; x_wconf 81' lang='lat' dir='ltr'>autem</span> <span class='ocrx_word' id='word_1_217' title='bbox 520 1448 643 1487; x_wconf 87' lang='lat' dir='ltr'>omnis</span> <span class='ocrx_word' id='word_1_218' title='bbox 676 1445 928 1486; x_wconf 69' lang='lat' dir='ltr'>heterodoxus</span> <span class='ocrx_word' id='word_1_219' title='bbox 963 1459 1047 1485; x_wconf 90' lang='lat' dir='ltr'>cum</span> <span class='ocrx_word' id='word_1_220' title='bbox 1076 1440 1254 1496; x_wconf 77' lang='lat' dir='ltr'>Calvino,</span> 
     </span>
     <span class='ocr_line' id='line_1_24' title="bbox 0 1504 1253 1562; baseline -0.002 -11"><span class='ocrx_word' id='word_1_221' title='bbox 0 1510 185 1553; x_wconf 84' lang='lat' dir='ltr'>hominem</span> <span class='ocrx_word' id='word_1_222' title='bbox 215 1512 292 1552; x_wconf 70' lang='lat' dir='ltr'>sota</span> <span class='ocrx_word' id='word_1_223' title='bbox 325 1511 399 1551; x_wconf 83' lang='lat' dir='ltr'>fide</span> <span class='ocrx_word' id='word_1_224' title='bbox 422 1510 618 1562; x_wconf 81' lang='lat' dir='ltr'>justificari.</span> <span class='ocrx_word' id='word_1_225' title='bbox 639 1504 743 1549; x_wconf 81' lang='lat' dir='ltr'>Nam</span> <span class='ocrx_word' id='word_1_226' title='bbox 770 1510 862 1548; x_wconf 87' lang='lat' dir='ltr'>sicut</span> <span class='ocrx_word' id='word_1_227' title='bbox 896 1507 1173 1548; x_wconf 72' lang='lat' dir='ltr'>fundamentum</span> <span class='ocrx_word' id='word_1_228' title='bbox 1203 1509 1253 1549; x_wconf 81' lang='lat' dir='ltr'>ad</span> 
     </span>
     <span class='ocr_line' id='line_1_25' title="bbox 0 1571 1254 1622; baseline -0.002 -8"><span class='ocrx_word' id='word_1_229' title='bbox 0 1574 190 1615; x_wconf 77' lang='lat' dir='ltr'>aedificium</span> <span class='ocrx_word' id='word_1_230' title='bbox 223 1579 277 1615; x_wconf 87' lang='lat' dir='ltr'>est</span> <span class='ocrx_word' id='word_1_231' title='bbox 302 1576 547 1614; x_wconf 83' lang='lat' dir='ltr'>necessarium</span> <span class='ocrx_word' id='word_1_232' title='bbox 562 1601 573 1622; x_wconf 89' lang='lat'><strong>‚</strong></span> <span class='ocrx_word' id='word_1_233' title='bbox 592 1571 707 1611; x_wconf 83' lang='lat' dir='ltr'>sotum</span> <span class='ocrx_word' id='word_1_234' title='bbox 727 1578 851 1611; x_wconf 85' lang='lat' dir='ltr'>tamen</span> <span class='ocrx_word' id='word_1_235' title='bbox 869 1584 945 1611; x_wconf 89' lang='lat' dir='ltr'>non</span> <span class='ocrx_word' id='word_1_236' title='bbox 974 1571 1135 1615; x_wconf 62' lang='lat' dir='ltr'>saniem</span> <span class='ocrx_word' id='word_1_237' title='bbox 1159 1573 1254 1613; x_wconf 81' lang='lat' dir='ltr'>sicut</span> 
     </span>
     <span class='ocr_line' id='line_1_26' title="bbox 0 1635 1254 1688; baseline -0.002 -10"><span class='ocrx_word' id='word_1_238' title='bbox 0 1651 55 1678; x_wconf 84' lang='lat' dir='ltr'>:or</span> <span class='ocrx_word' id='word_1_239' title='bbox 81 1637 126 1678; x_wconf 85' lang='lat' dir='ltr'>ad</span> <span class='ocrx_word' id='word_1_240' title='bbox 146 1640 259 1678; x_wconf 84' lang='lat' dir='ltr'>vitam</span> <span class='ocrx_word' id='word_1_241' title='bbox 287 1636 511 1688; x_wconf 84' lang='lat' dir='ltr'>corporalem</span> <span class='ocrx_word' id='word_1_242' title='bbox 530 1637 776 1675; x_wconf 84' lang='lat' dir='ltr'>necessarium</span> <span class='ocrx_word' id='word_1_243' title='bbox 801 1642 878 1686; x_wconf 84' lang='lat' dir='ltr'>est,</span> <span class='ocrx_word' id='word_1_244' title='bbox 898 1648 967 1674; x_wconf 87' lang='lat' dir='ltr'>nec</span> <span class='ocrx_word' id='word_1_245' title='bbox 987 1641 1112 1675; x_wconf 87' lang='lat' dir='ltr'>tamen</span> <span class='ocrx_word' id='word_1_246' title='bbox 1134 1635 1254 1675; x_wconf 85' lang='lat' dir='ltr'>sotum</span> 
     </span>
     <span class='ocr_line' id='line_1_27' title="bbox 0 1696 1255 1752; baseline -0.001 -12"><span class='ocrx_word' id='word_1_247' title='bbox 0 1698 143 1746; x_wconf 71' lang='lat' dir='ltr'>sufficit,</span> <span class='ocrx_word' id='word_1_248' title='bbox 163 1699 229 1740; x_wconf 88' lang='lat' dir='ltr'>sed</span> <span class='ocrx_word' id='word_1_249' title='bbox 256 1700 431 1752; x_wconf 79' lang='lat' dir='ltr'>praeterea</span> <span class='ocrx_word' id='word_1_250' title='bbox 457 1701 649 1751; x_wconf 73' lang='lat' dir='ltr'>requiritur</span> <span class='ocrx_word' id='word_1_251' title='bbox 678 1703 807 1751; x_wconf 82' lang='lat' dir='ltr'>caput,</span> <span class='ocrx_word' id='word_1_252' title='bbox 833 1696 980 1752; x_wconf 73' lang='lat' dir='ltr'>putmo‚</span> <span class='ocrx_word' id='word_1_253' title='bbox 1003 1703 1074 1737; x_wconf 86' lang='lat' dir='ltr'>etc.</span> <span class='ocrx_word' id='word_1_254' title='bbox 1091 1699 1140 1737; x_wconf 82' lang='lat' dir='ltr'>ita</span> <span class='ocrx_word' id='word_1_255' title='bbox 1161 1698 1255 1739; x_wconf 77' lang='lat' dir='ltr'>tides</span> 
     </span>
     <span class='ocr_line' id='line_1_28' title="bbox 0 1759 1256 1821; baseline -0.002 -19"><span class='ocrx_word' id='word_1_256' title='bbox 0 1763 146 1802; x_wconf 80' lang='lat' dir='ltr'>omnino</span> <span class='ocrx_word' id='word_1_257' title='bbox 171 1763 372 1821; x_wconf 47' lang='lat' dir='ltr'>necessaria</span> <span class='ocrx_word' id='word_1_258' title='bbox 396 1761 511 1802; x_wconf 82' lang='lat' dir='ltr'>estad</span> <span class='ocrx_word' id='word_1_259' title='bbox 537 1763 651 1800; x_wconf 80' lang='lat' dir='ltr'>vitam</span> <span class='ocrx_word' id='word_1_260' title='bbox 670 1759 916 1814; x_wconf 79' lang='lat' dir='ltr'>spiritualem,</span> <span class='ocrx_word' id='word_1_261' title='bbox 937 1772 1007 1799; x_wconf 85' lang='lat' dir='ltr'>nec</span> <span class='ocrx_word' id='word_1_262' title='bbox 1026 1765 1149 1800; x_wconf 83' lang='lat' dir='ltr'>tamen</span> <span class='ocrx_word' id='word_1_263' title='bbox 1178 1759 1256 1800; x_wconf 74' lang='lat' dir='ltr'>sola</span> 
     </span>
     <span class='ocr_line' id='line_1_29' title="bbox 0 1816 1200 1877; baseline -0.001 -14"><span class='ocrx_word' id='word_1_264' title='bbox 0 1822 149 1873; x_wconf 65' lang='lat' dir='ltr'>sufficit,</span> <span class='ocrx_word' id='word_1_265' title='bbox 169 1816 422 1876; x_wconf 72' lang='lat' dir='ltr'>sed’praeterea</span> <span class='ocrx_word' id='word_1_266' title='bbox 442 1825 633 1877; x_wconf 84' lang='lat' dir='ltr'>requiritur</span> <span class='ocrx_word' id='word_1_267' title='bbox 647 1823 803 1862; x_wconf 79' lang='lat' dir='ltr'>charitas</span> <span class='ocrx_word' id='word_1_268' title='bbox 819 1830 853 1863; x_wconf 88' lang='lat' dir='ltr'>et</span> <span class='ocrx_word' id='word_1_269' title='bbox 872 1830 1015 1863; x_wconf 82' lang='lat' dir='ltr'>caeterae</span> <span class='ocrx_word' id='word_1_270' title='bbox 1033 1824 1200 1863; x_wconf 88' lang='lat' dir='ltr'>virtutes.</span> 
     </span>
    </p>

    <p class='ocr_par' dir='ltr' id='par_1_5' title="bbox 0 1883 1254 2002">
     <span class='ocr_line' id='line_1_30' title="bbox 50 1883 1254 1938; baseline -0.001 -12"><span class='ocrx_word' id='word_1_271' title='bbox 50 1883 166 1926; x_wconf 86' lang='lat' dir='ltr'>Fides</span> <span class='ocrx_word' id='word_1_272' title='bbox 195 1887 274 1926; x_wconf 75' lang='lat' dir='ltr'>sine</span> <span class='ocrx_word' id='word_1_273' title='bbox 306 1886 483 1926; x_wconf 77' lang='lat' dir='ltr'>charitate</span> <span class='ocrx_word' id='word_1_274' title='bbox 514 1893 550 1926; x_wconf 89' lang='lat' dir='ltr'>et</span> <span class='ocrx_word' id='word_1_275' title='bbox 583 1885 758 1938; x_wconf 80' lang='lat' dir='ltr'>operibus</span> <span class='ocrx_word' id='word_1_276' title='bbox 797 1891 937 1925; x_wconf 86' lang='lat' dir='ltr'>mortua</span> <span class='ocrx_word' id='word_1_277' title='bbox 964 1883 1254 1936; x_wconf 76' lang='lat' dir='ltr'>estzquomodo</span> 
     </span>
     <span class='ocr_line' id='line_1_31' title="bbox 0 1946 1136 2002; baseline -0.004 -12"><span class='ocrx_word' id='word_1_278' title='bbox 0 1956 117 1990; x_wconf 73' lang='lat' dir='ltr'>nutem</span> <span class='ocrx_word' id='word_1_279' title='bbox 135 1963 200 2001; x_wconf 87' lang='lat' dir='ltr'>per</span> <span class='ocrx_word' id='word_1_280' title='bbox 217 1948 351 2002; x_wconf 82' lang='lat' dir='ltr'>aliquid</span> <span class='ocrx_word' id='word_1_281' title='bbox 365 1955 547 1989; x_wconf 87' lang='lat' dir='ltr'>mortuum</span> <span class='ocrx_word' id='word_1_282' title='bbox 563 1951 707 1990; x_wconf 82' lang='lat' dir='ltr'>viveret</span> <span class='ocrx_word' id='word_1_283' title='bbox 726 1955 762 1990; x_wconf 89' lang='lat' dir='ltr'>et</span> <span class='ocrx_word' id='word_1_284' title='bbox 784 1948 966 1989; x_wconf 77' lang='lat' dir='ltr'>cresceret</span> <span class='ocrx_word' id='word_1_285' title='bbox 983 1949 1104 1987; x_wconf 82' lang='lat' dir='ltr'>anima</span> <span class='ocrx_word' id='word_1_286' title='bbox 1115 1946 1136 1984; x_wconf 83' lang='lat'>?</span> 
     </span>
    </p>

    <p class='ocr_par' dir='ltr' id='par_1_6' title="bbox 0 2011 1259 2312">
     <span class='ocr_line' id='line_1_32' title="bbox 54 2011 1259 2065; baseline -0.001 -11"><span class='ocrx_word' id='word_1_287' title='bbox 54 2011 155 2054; x_wconf 89' lang='lat' dir='ltr'>Nota</span> <span class='ocrx_word' id='word_1_288' title='bbox 187 2013 244 2054; x_wconf 83' lang='lat'>3.⁰</span> <span class='ocrx_word' id='word_1_289' title='bbox 279 2013 379 2064; x_wconf 79' lang='lat' dir='ltr'>quod</span> <span class='ocrx_word' id='word_1_290' title='bbox 408 2015 498 2054; x_wconf 82' lang='lat' dir='ltr'>sicut</span> <span class='ocrx_word' id='word_1_291' title='bbox 525 2027 573 2054; x_wconf 89' lang='lat' dir='ltr'>ex</span> <span class='ocrx_word' id='word_1_292' title='bbox 607 2014 710 2063; x_wconf 81' lang='lat' dir='ltr'>fide,</span> <span class='ocrx_word' id='word_1_293' title='bbox 746 2020 919 2065; x_wconf 85' lang='lat' dir='ltr'>tanquam</span> <span class='ocrx_word' id='word_1_294' title='bbox 952 2015 973 2052; x_wconf 78' lang='grc' dir='ltr'>ὲ</span> <span class='ocrx_word' id='word_1_295' title='bbox 1000 2013 1146 2062; x_wconf 78' lang='lat' dir='ltr'>radice,</span> <span class='ocrx_word' id='word_1_296' title='bbox 1176 2012 1259 2055; x_wconf 77' lang='lat' dir='ltr'>fluit</span> 
     </span>
     <span class='ocr_line' id='line_1_33' title="bbox 1 2075 1256 2130; baseline 0 -14"><span class='ocrx_word' id='word_1_297' title='bbox 1 2077 120 2129; x_wconf 80' lang='lat' dir='ltr'>prima</span> <span class='ocrx_word' id='word_1_298' title='bbox 148 2077 231 2127; x_wconf 83' lang='lat' dir='ltr'>justi</span> <span class='ocrx_word' id='word_1_299' title='bbox 256 2078 388 2127; x_wconf 84' lang='lat' dir='ltr'>justitia</span> <span class='ocrx_word' id='word_1_300' title='bbox 405 2105 416 2125; x_wconf 85' lang='lat'>‚</span> <span class='ocrx_word' id='word_1_301' title='bbox 453 2090 540 2126; x_wconf 87' lang='lat' dir='ltr'>seu,</span> <span class='ocrx_word' id='word_1_302' title='bbox 569 2090 636 2130; x_wconf 86' lang='lat' dir='ltr'>per</span> <span class='ocrx_word' id='word_1_303' title='bbox 672 2090 779 2128; x_wconf 74' lang='lat' dir='ltr'>quam</span> <span class='ocrx_word' id='word_1_304' title='bbox 807 2076 846 2115; x_wconf 79' lang='lat' dir='ltr'>fit</span> <span class='ocrx_word' id='word_1_305' title='bbox 874 2077 1008 2126; x_wconf 82' lang='lat' dir='ltr'>justus:</span> <span class='ocrx_word' id='word_1_306' title='bbox 1030 2077 1081 2115; x_wconf 90' lang='lat' dir='ltr'>sic</span> <span class='ocrx_word' id='word_1_307' title='bbox 1111 2079 1131 2115; x_wconf 73' lang='grc' dir='ltr'>ὲ</span> <span class='ocrx_word' id='word_1_308' title='bbox 1155 2075 1256 2128; x_wconf 83' lang='lat' dir='ltr'>fide,</span> 
     </span>
     <span class='ocr_line' id='line_1_34' title="bbox 0 2140 1257 2193; baseline 0 -13"><span class='ocrx_word' id='word_1_309' title='bbox 0 2146 171 2192; x_wconf 78' lang='lat' dir='ltr'>tanquam</span> <span class='ocrx_word' id='word_1_310' title='bbox 199 2142 219 2179; x_wconf 74' lang='grc' dir='ltr'>ἐι</span> <span class='ocrx_word' id='word_1_311' title='bbox 241 2140 346 2179; x_wconf 60' lang='lat' dir='ltr'>causa</span> <span class='ocrx_word' id='word_1_312' title='bbox 378 2143 605 2193; x_wconf 84' lang='lat' dir='ltr'>imperante,</span> <span class='ocrx_word' id='word_1_313' title='bbox 649 2142 762 2180; x_wconf 90' lang='lat' dir='ltr'>oritur</span> <span class='ocrx_word' id='word_1_314' title='bbox 790 2140 950 2180; x_wconf 82' lang='lat' dir='ltr'>secunda</span> <span class='ocrx_word' id='word_1_315' title='bbox 984 2140 1067 2190; x_wconf 84' lang='lat' dir='ltr'>justi</span> <span class='ocrx_word' id='word_1_316' title='bbox 1099 2140 1257 2192; x_wconf 81' lang='lat' dir='ltr'>justitia,</span> 
     </span>
     <span class='ocr_line' id='line_1_35' title="bbox 0 2198 1259 2257; baseline -0.002 -13"><span class='ocrx_word' id='word_1_317' title='bbox 0 2216 64 2244; x_wconf 82' lang='lat' dir='ltr'>seu</span> <span class='ocrx_word' id='word_1_318' title='bbox 85 2201 297 2255; x_wconf 62' lang='lat' dir='ltr'>qusicrescit</span> <span class='ocrx_word' id='word_1_319' title='bbox 319 2198 362 2243; x_wconf 80' lang='lat' dir='ltr'>in</span> <span class='ocrx_word' id='word_1_320' title='bbox 385 2204 519 2254; x_wconf 68' lang='lat' dir='ltr'>justitia</span> <span class='ocrx_word' id='word_1_321' title='bbox 535 2210 571 2244; x_wconf 90' lang='lat' dir='ltr'>et</span> <span class='ocrx_word' id='word_1_322' title='bbox 588 2210 758 2257; x_wconf 78' lang='lat' dir='ltr'>operatur</span> <span class='ocrx_word' id='word_1_323' title='bbox 783 2204 891 2254; x_wconf 76' lang='lat' dir='ltr'>juste.</span> <span class='ocrx_word' id='word_1_324' title='bbox 916 2200 1019 2244; x_wconf 89' lang='lat' dir='ltr'>Hinc</span> <span class='ocrx_word' id='word_1_325' title='bbox 1044 2217 1095 2242; x_wconf 72' lang='lat' dir='ltr'>ex</span> <span class='ocrx_word' id='word_1_326' title='bbox 1104 2202 1194 2256; x_wconf 84' lang='lat' dir='ltr'>fide</span> <span class='ocrx_word' id='word_1_327' title='bbox 1215 2204 1259 2243; x_wconf 81' lang='lat' dir='ltr'>in</span> 
     </span>
     <span class='ocr_line' id='line_1_36' title="bbox 0 2260 135 2312; baseline 0.015 -12"><span class='ocrx_word' id='word_1_328' title='bbox 0 2260 135 2312; x_wconf 79' lang='lat' dir='ltr'>fidem.</span> 
     </span>
    </p>
   </div>
   <div class='ocr_carea' id='block_1_2' title="bbox 67 2325 1257 2385">
    <p class='ocr_par' dir='ltr' id='par_1_7' title="bbox 67 2325 1257 2385">
     <span class='ocr_line' id='line_1_37' title="bbox 67 2325 1257 2385; baseline 0.004 -17"><span class='ocrx_word' id='word_1_329' title='bbox 67 2325 168 2369; x_wconf 85' lang='lat' dir='ltr'>Nota</span> <span class='ocrx_word' id='word_1_330' title='bbox 185 2328 344 2384; x_wconf 78' lang='lat' dir='ltr'>denique</span> <span class='ocrx_word' id='word_1_331' title='bbox 367 2331 466 2385; x_wconf 92' lang='lat' dir='ltr'>quod</span> <span class='ocrx_word' id='word_1_332' title='bbox 484 2330 563 2372; x_wconf 83' lang='lat' dir='ltr'>baec</span> <span class='ocrx_word' id='word_1_333' title='bbox 580 2334 654 2373; x_wconf 78' lang='lat' dir='ltr'>vita</span> <span class='ocrx_word' id='word_1_334' title='bbox 672 2331 764 2372; x_wconf 74' lang='lat' dir='ltr'>clare</span> <span class='ocrx_word' id='word_1_335' title='bbox 782 2332 962 2374; x_wconf 81' lang='lat' dir='ltr'>revelatur</span> <span class='ocrx_word' id='word_1_336' title='bbox 979 2334 1017 2373; x_wconf 87' lang='lat' dir='ltr'>in</span> <span class='ocrx_word' id='word_1_337' title='bbox 1035 2329 1257 2384; x_wconf 77' lang='lat' dir='ltr'>Evangelio,</span> 
     </span>
    </p>
   </div>
  </div>
 </body>
</html>
