1410 2554
244 76 454 114 ,ralrmx
482 77 714 108 axvosrrro.
743 64 840 119 Cap.
867 62 963 106 XV.
1192 60 1273 105 381

12 152 103 183 nere
121 136 267 180 videam
284 151 353 178 vos
368 166 380 187 ,
401 144 442 179 et
458 139 479 178 a
495 138 604 179 vobis
623 134 880 178 deducarilluc
895 165 906 185 ‚
925 141 1120 188 postquam
1153 131 1278 175 vestra

10 201 292 242 conversatione
312 206 349 241 et
364 199 559 253 praesentia
577 201 674 254 prius
693 212 744 240 ex
762 205 864 253 parte
878 200 1025 245 satiatus
1041 196 1158 239 suero.

67 277 179 322 Nunc
195 281 302 332 igitur
315 277 588 333 Jerosolymam
610 278 844 333 proficiscor,
864 278 1000 331 aliquas
1019 277 1274 330 eleemosynas
1316 274 1320 277 ’

11 341 234 394 perlaturus,
251 347 287 381 et
304 343 436 382 sanctis
452 335 678 394 pauperibus
694 341 970 381 ministraturus.

68 416 209 459 Placuit
227 420 326 458 enim
342 416 516 460 Ecclesiis
534 417 787 468 Macedoniae,
810 425 847 458 et
866 415 1035 468 Achaiae,
1055 419 1272 472 pauperibus

11 481 81 524 illis
96 479 411 536 Jerosolymitanis
427 489 569 537 partem
586 482 740 536 aliquam
762 481 880 523 facere
897 482 945 522 de
958 484 1033 523 suis
1050 483 1201 536 opibus.'

66 629 228 682 Placuit,
252 633 400 685 inquam
414 661 426 682 ‚
442 633 496 672 eis
510 660 521 680 ‚
545 637 581 672 et
599 630 747 686 quidem
765 633 841 682 jure
858 630 990 670 merito
1002 659 1013 678 ‚
1037 632 1173 684 quippe
1187 637 1272 672 sunt

9 693 80 735 illis
101 694 290 735 ‘debitores
312 708 322 733 z
339 696 370 734 si
398 696 497 734 enim
517 691 684 735 Gentiles
707 691 950 747 spiritualibus
968 689 1186 735 Judaeorum
1203 693 1272 735 di-

11 758 119 797 vitiis
142 757 528 807 communicaverunt,
561 770 626 810 per
659 752 860 808 Apostolos
893 757 914 794 a
949 748 1274 809 ,ierosolymitanis

9 820 143 860 missos
167 833 177 857 z
197 831 342 871 aequum
359 823 447 859 sane
463 825 501 858 ut
526 825 562 860 et
577 820 643 871 ipsi
662 815 830 858 Gentiles
851 816 897 857 de
913 818 986 857 suis
1009 817 1272 872 temporalibus

10 879 122 923 bonis
143 886 283 933 partem
304 879 434 921 saciant
455 882 673 934 pauperibus
692 877 1041 932 Jerosolymitauis.⁴

69 939 157 982 Hoc
170 943 276 994 igitur
289 942 471 983 charitatis
485 955 637 982 munere
651 942 712 981 ubi
731 940 941 993 perfunctus
958 939 1078 990 suero,
1095 940 1268 998 huncque

11 1003 266 1045 beneficentiae
296 1004 448 1045 fructum
480 1003 569 1045 mihi
602 1006 851 1058 consignatum
866 1032 876 1052 ,
896 1006 1029 1044 sanctis
1048 1006 1271 1059 pauperibus

10 1064 240 1118 deposuer03
267 1064 390 1106 Romzi
409 1068 585 1107 transiens
600 1067 807 1118 proficiscar
823 1068 859 1106 in
878 1064 1108 1118 Hispaniam.

66 1124 153 1167 Scio
174 1134 295 1168 autem
319 1128 417 1181 quod
435 1129 482 1169 ad
498 1143 566 1168 vos
596 1132 742 1170 veniam
760 1143 843 1169 cum
868 1129 1061 1170 uberrimis
1078 1131 1272 1182 gratiarum

10 1186 149 1231 Christi
167 1190 273 1231 donis
286 1221 296 1240 ‚
322 1192 368 1231 ad
384 1205 451 1231 vos
474 1192 740 1232 confirmandos
758 1196 795 1233 in
811 1192 899 1233 fide.

65 1267 223 1310 Interim
241 1285 308 1327 ego
325 1285 415 1322 vos,
434 1270 558 1312 fratres
570 1301 582 1320 ‚
601 1271 757 1312 obsecro
776 1285 840 1324 per
860 1266 1024 1311 Domini
1044 1275 1158 1314 nostri
1173 1269 1269 1315 Jesu

12 1329 152 1374 Christi
169 1335 321 1382 merita,
341 1341 376 1373 et
389 1347 453 1387 per
473 1333 684 1375 charitatem
704 1338 741 1374 in
761 1334 932 1374 cordibus
946 1337 1080 1374 nostris
1097 1338 1118 1375 a
1134 1332 1272 1387 Spiritu

11 1402 142 1442 sancto
163 1395 332 1437 diffusam
345 1426 356 1447 ‚
376 1404 414 1437 ut
438 1412 522 1448 me,
541 1399 708 1450 precibus
731 1398 778 1437 ad
803 1395 926 1438 Deum
944 1410 1013 1449 pro
1033 1412 1095 1438 me
1113 1396 1240 1438 effusis
1253 1425 1268 1449 ,

13 1458 242 1500 laborantem
264 1465 299 1498 et
319 1466 519 1500 certantem
538 1457 734 1511 adjuvetis.

71 1553 217 1606 Rogate
234 1556 352 1606 primo
366 1585 376 1604 ‚
400 1561 454 1605 ut,
474 1558 555 1595 cum
576 1557 612 1596 in
633 1549 806 1595 Judaeam
821 1567 977 1604 venero,
993 1554 1126 1594 liberer
1141 1554 1188 1594 ab
1208 1556 1270 1594 in-

13 1616 170 1657 credulis
188 1611 332 1657 Judaeis
349 1634 357 1662 ;
378 1618 540 1658 secundo
558 1648 568 1666 ‚
589 1623 626 1656 ut
648 1631 771 1658 meum
795 1619 1038 1657 ministerium
1053 1619 1090 1655 in
1105 1617 1270 1656 eleemo-

12 1679 119 1729 synis
149 1676 374 1729 perferendis
406 1684 441 1718 et
470 1678 729 1719 distribuendis
771 1681 816 1719 sit
848 1678 1013 1719 fidelibus
1043 1685 1262 1732 acceptum,

13 1743 220 1794 sanctisque
242 1739 560 1795 Jerosolymitanis
578 1749 734 1794 gratum.

71 1801 222 1853 Tertio,
242 1810 278 1842 ut
298 1804 386 1843 boni
406 1807 526 1856 operis
539 1818 706 1844 successu
721 1804 821 1844 laetus
839 1811 875 1844 et
906 1803 1027 1844 hilaris
1048 1803 1094 1843 ad
1118 1817 1184 1843 vos
1199 1817 1269 1844 ve·

17 1867 117 1906 niam
132 1895 144 1918 ,
164 1867 194 1905 si
212 1865 316 1906 suerit
334 1864 406 1906 Dei
427 1866 612 1916 voluntas,
627 1874 662 1906 et
688 1867 785 1920 apud
800 1881 868 1906 vos
894 1866 1148 1919 aliquantisper
1164 1864 1267 1906 reso-

16 1926 132 1966 ciller.

74 1987 215 2029 Precor
238 1995 358 2029 autem
385 2003 453 2040 ego
478 2003 543 2041 pro
566 1990 673 2029 vobis
690 1987 836 2034 Deum,
870 1990 970 2042 pacis
997 1995 1034 2046 et
1061 1988 1268 2030 concordiae

18 2058 205 2093 auctorem
227 2059 263 2092 et
280 2059 596 2102 conservatorem,
612 2059 651 2092 ut
669 2052 767 2105 apud
786 2066 854 2092 vos
876 2059 1042 2102 maneat,
1070 2054 1179 2094 vobis
1196 2053 1268 2094 ad-

18 2117 65 2157 sit
85 2121 120 2155 et
141 2116 348 2167 opituletur.
364 2115 494 2157 Amen.
