1410 2554
297 78 474 110 ‘rnirzex
500 78 730 110 nxvosr‘rro.
760 66 855 120 Cap.
882 66 959 108 IX.
1187 63 1268 120 ⁸3⁷

15 142 62 187 ad
79 149 189 197 opera
207 138 334 192 tegatia
344 138 578 189 hdaeorurn,
596 153 668 181 nec
685 139 733 181 ad
745 136 984 180 idololatriam
996 167 1008 190 ‚
1027 143 1088 180 aut
1109 137 1178 179 atta
1194 139 1272 179 cri-

13 206 113 252 mina
131 199 352 244 Gentilium.

66 261 289 309 Justificatio
312 267 412 307 enirn
427 278 492 317 per
506 264 620 306 fidem
637 271 694 306 est
707 266 879 317 gratuita,
900 270 940 305 ut
957 277 991 304 e.
1005 263 1045 313 4.
1064 257 1111 306 Y.
1135 263 1164 314 4
1182 269 1219 305 et
1234 263 1274 305 5.

14 331 183 385 probavit
200 327 414 383 Apostolus.

67 393 118 436 Et
139 398 230 436 sicut
249 391 358 436 Deus
377 391 446 434 hac
466 393 677 446 praelatione
698 392 885 434 Jacobum
917 391 1071 442 ditexit,
1094 388 1194 433 Esau
1209 403 1273 432 au-

11 466 88 500 tem
102 459 286 510 neglexit;
320 461 373 499 sic
407 455 656 505 Christianos,
689 459 751 511 qui
780 463 864 497 sunt
895 457 1147 509 promissionis
1173 455 1238 496 fitii
1247 481 1265 502 ‚
1277 482 1285 494 ,

10 521 112 573 quasi
134 516 233 574 filios
258 518 408 569 ditexit,
429 532 507 559 non
539 532 587 558 ex
619 531 747 558 eorum
778 518 911 557 merito
934 518 1094 569 praevio,
1121 516 1190 557 sed
1217 529 1267 557 ex

9 578 125 622 libera
139 595 203 622 sua
218 582 405 628 bonitate3
427 575 583 621 Judaeos
601 586 745 631 autem,
769 593 847 620 non
865 578 1080 628 credentes,
1100 572 1269 630 neglexit

15 650 54 684 et
71 646 210 695 rejecit.

65 705 164 749 Nota
182 706 280 760 quod
307 705 368 747 hle
397 706 546 759 quidem
574 707 821 748 excluduntur
850 720 961 759 opera
987 706 1076 758 legis
1097 711 1135 746 et
1151 718 1264 759 opera

7 777 147 822 naturae
159 801 171 821 ‚
189 771 235 812 ad
248 784 331 824 quae
348 768 451 812 Deus
466 773 503 811 in
523 771 774 822 justificatione
784 770 916 810 nuttam
935 772 1114 810 rationem
1125 768 1260 817 haben

7 841 91 881 non,
103 833 193 871 vero
213 844 322 883 opera
337 844 384 870 ex
397 830 470 871 fide
485 837 521 870 et
539 833 650 883 gratia
661 847 676 878 ς
692 844 763 871 nec
782 832 902 882 ipsum
919 843 1011 883 opus
1024 859 1036 879 ‚
1057 844 1130 884 quo
1145 829 1262 871 tidelis

7 892 121 935 fidem
141 901 179 935 et
197 897 345 947 gratiam
366 901 552 947 acceptat,
568 908 632 934 seu
653 908 726 947 quo
747 894 883 942 credit,
901 900 1020 946 sperat
1037 899 1072 933 et
1088 896 1257 946 poenitet,

7 959 47 993 ut
60 953 105 993 ad
127 954 299 1003 justitiam
314 968 354 994 se
367 961 566 1008 praeparet,
593 957 668 995 imo
692 957 781 995 vero
799 954 872 995 hoc
891 956 1083 1007 requiritur
1096 984 1107 1005 ‚
1128 960 1166 995 ut
1181 956 1262 1009 quis

5 1016 231 1069 adoptetur,
255 1024 291 1059 et
307 1018 368 1058 fiat
386 1020 636 1072 promissionis
660 1019 770 1061 fitius.

408 1122 639 1152 com-,tusto
667 1124 860 1152 MonALts.

57 1195 158 1251 Ergo
189 1213 260 1239 nec
281 1199 397 1248 mihi,
430 1215 501 1240 nec
532 1195 742 1253 parentibus
764 1204 877 1250 meis,
903 1215 972 1241 nec
996 1199 1054 1240 ulti
1085 1206 1257 1241 creatura:

1 1255 144 1311 debeo,
161 1260 260 1312 quod
279 1262 349 1300 sim
369 1257 618 1312 Christianus,
635 1262 830 1313 adoptivus
846 1259 920 1301 Dei
938 1260 1054 1307 mium
1073 1262 1166 1300 sieut
1183 1258 1256 1300 Ja-

0 1319 71 1360 eob
90 1333 158 1360 nec
177 1321 247 1360 sibi
261 1350 271 1370 ‚
294 1335 363 1360 nec
381 1324 591 1374 parentibus
622 1323 748 1363 debuit
777 1322 877 1376 quod
895 1322 1143 1375 praeferretur:
1165 1336 1253 1375 ergo

0 1381 65 1422 soti
83 1379 169 1424 Deo
185 1397 246 1441 me
267 1389 383 1424 totum
400 1385 521 1426 debeo
533 1416 543 1435 ‚
561 1386 627 1426 soli
649 1385 721 1427 Dei
740 1387 1000 1426 misericordiae
1018 1387 1138 1428 debeo
1165 1400 1251 1439 gra-

0 1445 87 1486 tiam
100 1446 306 1501 adoptionis
326 1451 365 1488 in
383 1446 674 1489 christianismo.
691 1447 802 1489 Hanc
821 1447 892 1489 Dei
909 1444 1198 1490 misericordiam
1213 1456 1251 1490 et

0 1507 37 1547 in
53 1513 220 1560 ternpore
236 1511 324 1548 etin
343 1516 415 1551 tota
430 1513 630 1552 aeternitate
642 1511 815 1551 cantabo.

54 1569 108 1620 ss.
136 1572 198 1622 14.
219 1573 323 1625 Quid
340 1588 423 1625 ergo
443 1574 640 1614 dicemus?
659 1576 842 1629 numquid
851 1576 1074 1628 iniquitas...
1095 1577 1267 1622 occurrit,

0 1626 220 1681 objecrflni,
249 1646 329 1684 quae
349 1641 472 1674 contra
493 1633 565 1674 Dei
587 1637 780 1686 justitiam,
813 1636 862 1675 ob
883 1635 975 1675 hanc
1005 1638 1083 1676 siue
1115 1638 1247 1677 merito

0 1689 243 1741 electionem,
273 1693 350 1732 fieri
383 1700 524 1746 potest;
548 1698 647 1747 quasi
677 1695 837 1735 diceret:
865 1693 904 1734 Si
934 1695 1246 1748 quemadmodum

0 1749 97 1795 Deus
123 1752 306 1795 Jacobum
331 1754 426 1796 fratri
444 1771 509 1798 suo
528 1759 680 1810 praetulit
704 1762 740 1798 in
762 1757 1045 1811 temporalibus;
1078 1762 1124 1798 ita
1146 1773 1246 1800 nunc

0 1811 162 1856 Gentiles
181 1816 372 1857 credentes
390 1816 533 1858 Judaeis
553 1820 693 1871 praefert
722 1823 762 1860 in
781 1820 1043 1874 spiritualibus,
1070 1823 1109 1860 in
1129 1824 1247 1873 gratia

0 1879 128 1920 scilicet
161 1887 195 1920 et
226 1882 547 1924 benedictionibus
574 1885 654 1925 fiiiis
681 1883 838 1926 Abrahae
865 1887 1079 1939 promissis,
1113 1892 1149 1926 et
1179 1900 1246 1938 per

0 1940 181 1989 Christum
198 1947 409 1988 obventuris
430 1963 440 1987 :

50 2004 239 2061 Numquid
259 2018 452 2062 propterea
467 2012 538 2052 diei
554 2020 695 2065 potest,
719 2014 816 2068 quod
835 2016 879 2054 sit
895 2015 1008 2068 aliqua
1029 2017 1067 2055 in
1079 2014 1165 2056 Deo
1177 2018 1241 2058 in-

0 2071 128 2121 justitia
139 2102 150 2120 .,
165 2076 325 2114 maxime
344 2080 427 2116 cum
453 2077 488 2116 id
502 2078 562 2118 fiat
576 2080 718 2131 absque
730 2094 857 2120 eorum
869 2082 1022 2120 merito?

49 2133 160 2173 Absit
171 2164 183 2186 ,
214 2138 432 2189 respondet,
454 2154 624 2180 aversans
643 2155 722 2182 rem
741 2140 812 2182 Dei
831 2150 965 2183 naturae
983 2142 1088 2194 plane
1106 2155 1240 2195 repug-

0 2199 153 2234 nantem.

47 2244 102 2296 Y.
130 2248 191 2288 15.
213 2249 340 2303 Moysi
351 2254 448 2293 enim
468 2254 586 2294 dicit.-
605 2257 862 2298 Miser-chon...
877 2253 943 2298 Gr.
974 2264 1011 2298 et
1038 2257 1242 2298 miserebor

0 2323 259 2367 quemcumque
277 2318 463 2359 miseratus
480 2333 574 2360 sum.
847 2319 850 2321 “
