1410 2554
158 66 244 111 3³0
516 63 731 104 mmm
760 70 817 103 An
846 71 1047 104 nolumus

217 137 307 180 Non
324 137 409 178 dicit
426 135 632 182 subvenite,
656 119 774 185 inquit
791 130 843 172 D.
860 127 1006 185 Chrys.
1020 133 1090 174 sed
1113 135 1410 175 communicate·

160 203 361 245 ostendens
375 200 476 254 quod
490 199 567 252 pius
583 198 784 248 accipiant,
815 199 923 250 quam
949 204 1149 250 praestent.
1166 207 1204 241 et
1227 200 1328 253 quod
1353 211 1410 242 res

160 271 228 308 ista
248 265 448 317 negotiatio
465 268 521 302 est
537 278 545 308 ς
570 261 852 300 communicatio
868 260 1051 314 siquidem
1068 267 1144 310 est3
1162 264 1410 317 nrpecuntam

159 327 294 378 offers,
313 328 359 379 itti
376 326 545 366 fiduciam
563 324 629 363 tibi
652 337 736 375 erga
755 319 878 363 Deum
895 321 1064 365 afferunt.

215 389 528 441 Hospitalitatem
544 392 750 431 sectantes,·
764 383 802 424 id
819 391 894 435 est,
913 385 944 423 si
965 387 1012 424 sit
1028 385 1169 426 advena
1181 414 1196 434 ,
1214 384 1410 440 hospitali-³

158 462 271 496 tatem
288 466 372 505 erga
390 453 509 504 ipsum
532 453 716 489 exercete.
738 444 865 494 Nota3
886 449 1087 488 sectamini
1096 449 1407 501 hospitalitatem,

157 521 344 558 instruens
361 525 429 552 nos
442 517 482 551 ut
501 523 579 549 non
597 515 852 562 exspectemus
872 523 1030 562 egenoS‚
1048 511 1115 551 sed
1135 512 1211 552 ad
1201 526 1299 566 ipsos
1318 527 1409 555 cur-

158 590 281 621 ramus
312 582 349 616 et
369 580 579 615 sectemur:
599 574 651 611 sic
685 570 806 621 Loth,
832 574 884 612 sic
915 571 1139 613 Abraham:
1169 576 1307 616 bonam
1333 589 1410 617 ex·-

156 649 325 696 spectase
343 641 579 679 venationem
599 635 779 677 videatur.
794 635 845 678 D.
869 632 1176 710 Chrysostomus.

213 703 354 752 ᾐιᾼ
379 700 588 742 Benedtcile
614 698 912 752 persequentibus
946 716 1038 740 vos..
1081 702 1110 740 si
1143 701 1252 741 vobis
1281 703 1330 742 iia
1362 702 1410 744 stt

158 766 358 807 contrarius
370 791 381 811 ‚
400 768 439 801 ut
455 775 520 800 vos
541 766 774 812 persequatur
786 789 797 810 ‚
817 762 886 813 ipsi
905 762 1003 801 bene
1018 763 1236 815 precemini,
1252 776 1316 803 seu
1333 764 1410 804 bo·-

156 842 249 869 num
267 824 536 878 apprecemini;
557 828 593 862 et
608 835 656 860 ne
673 821 767 862 maie
782 824 995 873 precemini.

216 888 273 942 ss.
296 887 360 928 15.
392 886 562 926 Gaudere
589 899 674 924 cum
691 885 976 936 gaudentibus...
993 888 1023 925 si
1039 888 1084 926 sit
1104 890 1143 927 in
1162 886 1305 938 taetitia,
1325 901 1409 929 cum

157 956 238 1005 ipso
258 949 436 1004 gaudete;
457 950 485 987 si
508 949 688 996 tristatur,
708 954 744 987 et
761 962 844 988 cum
863 950 943 1001 ipso
958 950 1162 990 tristemini.

211 1012 380 1054 Charitas
392 1009 512 1050 reddit
528 1011 651 1049 omnia
667 1012 876 1049 communia
888 1040 899 1059 ‚
917 1023 1091 1063 prospera
1108 1018 1144 1052 et
1167 1013 1270 1053 mala.

212 1070 259 1117 Ῠ.
280 1072 342 1114 16.
359 1073 529 1124 ldipsum
547 1071 700 1109 inuicem
720 1073 944 1119 sentiemes,·
961 1073 998 1112 id
1026 1081 1080 1114 est
1095 1103 1107 1123 ‚
1135 1074 1268 1115 eodem
1291 1081 1410 1118 estote

155 1140 280 1182 animo
297 1166 307 1186 ‚
325 1148 390 1175 seu
410 1132 615 1175 concordes
630 1134 724 1172 inter
746 1147 813 1173 vos
834 1140 964 1174 estote.

209 1201 300 1241 Non
315 1197 397 1237 altu
410 1198 595 1250 sopientes
609 1210 623 1242 ‚·
639 1198 739 1249 quasi
751 1196 887 1237 diceret
900 1196 967 1237 :Et
983 1200 1065 1250 quia
1080 1199 1247 1251 superbia
1262 1206 1316 1240 est
1334 1199 1409 1240 ini-

152 1265 250 1304 mica
266 1260 495 1306 concordiae,
516 1258 602 1298 ideo
617 1271 692 1297 non
709 1257 800 1299 elate
815 1261 977 1300 sentiatis
993 1262 1040 1301 de
1061 1263 1166 1302 vobis
1180 1290 1192 1310 ‚
1215 1264 1263 1303 ita
1278 1269 1317 1304 ut
1338 1257 1408 1303 sti-'-

154 1340 218 1380 pra
235 1325 323 1365 aiios
340 1324 504 1361 eminere
527 1320 661 1360 velitis.

209 1386 284 1425 Scd
301 1383 504 1423 humildms
531 1382 824 1429 consenlrQentes
841 1382 878 1422 id
903 1390 980 1431 est,
1012 1384 1079 1423 sed
1101 1385 1148 1424 ita
1169 1384 1328 1427 demisse
1356 1387 1404 1428 de

152 1445 366 1499 vobisipsis
382 1446 534 1491 sentite,
562 1449 600 1482 ut
627 1456 709 1482 cum
732 1446 949 1496 pauperibus
974 1452 1010 1485 et.
1029 1446 1165 1487 infimis
1193 1447 1406 1490 hominibus

150 1512 315 1562 benigne
337 1508 618 1548 conversemini.

205 1573 335 1614 Nolite
347 1570 545 1623 prudentes
565 1584 642 1608 esse
657 1570 763 1620 apud
773 1572 1036 1622 vosmetipsos;
1056 1573 1156 1623 quasi
1173 1571 1331 1614 diceret:
1353 1570 1406 1615 Εἱ

150 1638 236 1689 qnia
265 1635 454 1687 sapientiae
482 1634 718 1684 praesumptio
747 1631 898 1672 alterum
925 1639 981 1672 est
1010 1633 1217 1675 concordiae
1242 1634 1406 1688 impedi·-

111 1721 118 1732 ,
149 1703 317 1737 mentum
336 1724 346 1743 ‚
379 1707 427 1733 ne
447 1695 600 1732 nimium
623 1699 756 1732 vestrae
785 1694 987 1745 prudentiae
1014 1700 1050 1733 et
1069 1693 1202 1744 judicio
1218 1697 1402 1746 tribuatis,

148 1762 253 1813 quasi
271 1764 390 1798 vestra
410 1756 559 1796 consilia
580 1757 688 1795 vobis
706 1755 884 1796 sufficiant
898 1786 909 1806 ,
933 1763 969 1796 et
988 1755 1138 1796 aliorum
1155 1756 1309 1798 consitio
1326 1770 1404 1799 non

149 1823 301 1876 egeatis.
1343 1834 1345 1836 ·

204 1882 252 1932 ᾖ.
279 1898 340 1938 ¹7·
359 1882 473 1922 Nulli
495 1883 637 1920 malum
654 1896 721 1934 pro
741 1883 835 1921 bono
850 1880 1083 1923 reddentes...
1099 1877 1140 1922 Si
1158 1883 1238 1936 quis
1252 1895 1320 1922 vos
1340 1882 1404 1924 of-

146 1947 292 1995 rendit,
317 1960 366 1986 ne
383 1945 518 1985 malum
538 1958 604 1998 pro
626 1944 720 1984 malo
738 1944 909 1985 reddatis.

203 2009 443 2050 Providentes
465 2008 562 2045 bona
594 2022 669 2045 non
690 2009 836 2046 tantiam
857 2021 983 2046 coram
1005 2007 1127 2047 Deo...
1146 2004 1228 2048 Nec
1252 2004 1403 2047 Graecus

146 2081 288 2124 textus,
308 2087 379 2114 ner.
393 2069 540 2125 Syriaca
558 2086 582 2111 v
586 2073 679 2110 ersio
696 2066 835 2111 habent
854 2071 955 2120 (non
974 2074 1111 2112 tantum
1129 2083 1251 2111 coram
1266 2068 1353 2111 Deo
1366 2070 1399 2122 )‚

147 2139 218 2180 sed
238 2137 346 2177 vobis
374 2147 469 2174 curae
501 2137 547 2175 sit
576 2133 795 2175 benefacere
827 2147 948 2175 coram
978 2134 1148 2174 omnibus
1175 2133 1404 2175 hominibus.

145 2198 234 2254 Syr.

203 2260 248 2302 ld
267 2266 346 2309 est,
366 2258 432 2299 sed
456 2259 595 2298 bonum
618 2272 701 2298 cum
716 2264 813 2299 tanta
838 2272 920 2299 cura
947 2264 982 2298 et
1001 2258 1326 2309 circumspectione
1339 2255 1402 2296 sa-

149 2325 220 2366 cite
237 2352 247 2375 ,
262 2327 392 2363 utnon
410 2318 494 2360 Deo
513 2321 650 2359 tantum
669 2320 863 2372 probetur,
877 2317 944 2360 sed
959 2320 1068 2359 etiam
1086 2318 1256 2358 omnibus
1273 2315 1402 2357 homi-
