<?xml version="1.0" encoding="UTF-8"?>
<!DOCTYPE html PUBLIC "-//W3C//DTD XHTML 1.0 Transitional//EN"
    "http://www.w3.org/TR/xhtml1/DTD/xhtml1-transitional.dtd">
<html xmlns="http://www.w3.org/1999/xhtml" xml:lang="en" lang="en">
 <head>
  <title>
</title>
<meta http-equiv="Content-Type" content="text/html;charset=utf-8" />
  <meta name='ocr-system' content='tesseract 3.04.00' />
  <meta name='ocr-capabilities' content='ocr_page ocr_carea ocr_par ocr_line ocrx_word'/>
</head>
<body>
  <div class='ocr_page' id='page_1' title='image "./epistolaumbpauli01picq_0268.png"; bbox 0 0 1410 2554; ppageno 0'>
   <div class='ocr_carea' id='block_1_1' title="bbox 83 37 1340 517">
    <p class='ocr_par' dir='ltr' id='par_1_1' title="bbox 85 37 969 88">
     <span class='ocr_line' id='line_1_1' title="bbox 85 37 969 88; baseline 0.006 -10"><span class='ocrx_word' id='word_1_1' title='bbox 85 37 168 88; x_wconf 71' lang='lat'>224</span> <span class='ocrx_word' id='word_1_2' title='bbox 439 51 646 82; x_wconf 69' lang='lat' dir='ltr'>tus-rome</span> <span class='ocrx_word' id='word_1_3' title='bbox 674 48 731 79; x_wconf 68' lang='lat' dir='ltr'>An</span> <span class='ocrx_word' id='word_1_4' title='bbox 760 50 969 83; x_wconf 69' lang='lat' dir='ltr'>nomuos</span> 
     </span>
    </p>

    <p class='ocr_par' dir='ltr' id='par_1_2' title="bbox 83 103 1338 292">
     <span class='ocr_line' id='line_1_2' title="bbox 138 103 1338 163; baseline 0.003 -16"><span class='ocrx_word' id='word_1_5' title='bbox 138 121 205 163; x_wconf 77' lang='lat'>29.</span> <span class='ocrx_word' id='word_1_6' title='bbox 222 104 278 148; x_wconf 79' lang='lat' dir='ltr'>Et</span> <span class='ocrx_word' id='word_1_7' title='bbox 293 103 403 150; x_wconf 86' lang='lat' dir='ltr'>sicut</span> <span class='ocrx_word' id='word_1_8' title='bbox 420 104 610 161; x_wconf 76' lang='lat' dir='ltr'>praedixit</span> <span class='ocrx_word' id='word_1_9' title='bbox 626 105 756 150; x_wconf 83' lang='lat' dir='ltr'>Isaias</span> <span class='ocrx_word' id='word_1_10' title='bbox 776 124 787 147; x_wconf 71' lang='grc' dir='ltr'><strong>ε</strong></span> <span class='ocrx_word' id='word_1_11' title='bbox 811 106 901 151; x_wconf 88' lang='lat' dir='ltr'>Nisi</span> <span class='ocrx_word' id='word_1_12' title='bbox 922 105 1131 152; x_wconf 81' lang='lat' dir='ltr'>Dominus</span> <span class='ocrx_word' id='word_1_13' title='bbox 1148 105 1338 152; x_wconf 79' lang='lat' dir='ltr'><strong>Sabaoth</strong></span> 
     </span>
     <span class='ocr_line' id='line_1_3' title="bbox 83 166 1335 231; baseline 0.003 -13"><span class='ocrx_word' id='word_1_14' title='bbox 83 173 324 230; x_wconf 80' lang='lat' dir='ltr'>reliquisset</span> <span class='ocrx_word' id='word_1_15' title='bbox 341 175 462 221; x_wconf 88' lang='lat' dir='ltr'>nobis</span> <span class='ocrx_word' id='word_1_16' title='bbox 476 193 644 231; x_wconf 83' lang='lat' dir='ltr'>semen,</span> <span class='ocrx_word' id='word_1_17' title='bbox 666 166 775 222; x_wconf 79' lang='lat' dir='ltr'>sicut</span> <span class='ocrx_word' id='word_1_18' title='bbox 790 175 977 221; x_wconf 84' lang='lat' dir='ltr'>Sodoma</span> <span class='ocrx_word' id='word_1_19' title='bbox 993 175 1094 221; x_wconf 76' lang='lat' dir='ltr'>facti</span> <span class='ocrx_word' id='word_1_20' title='bbox 1123 194 1311 224; x_wconf 83' lang='lat' dir='ltr'>essemus</span> <span class='ocrx_word' id='word_1_21' title='bbox 1324 212 1335 231; x_wconf 82' lang='grc'>,</span> 
     </span>
     <span class='ocr_line' id='line_1_4' title="bbox 84 244 946 292; baseline 0.002 -2"><span class='ocrx_word' id='word_1_22' title='bbox 84 254 126 290; x_wconf 82' lang='lat' dir='ltr'>et</span> <span class='ocrx_word' id='word_1_23' title='bbox 143 244 253 290; x_wconf 85' lang='lat' dir='ltr'>sicut</span> <span class='ocrx_word' id='word_1_24' title='bbox 271 247 512 292; x_wconf 81' lang='lat' dir='ltr'>Gomorrha</span> <span class='ocrx_word' id='word_1_25' title='bbox 529 246 688 292; x_wconf 78' lang='lat' dir='ltr'>similes</span> <span class='ocrx_word' id='word_1_26' title='bbox 708 246 946 292; x_wconf 82' lang='lat' dir='ltr'>fuissemus.</span> 
     </span>
    </p>

    <p class='ocr_par' dir='ltr' id='par_1_3' title="bbox 83 316 1340 517">
     <span class='ocr_line' id='line_1_5' title="bbox 139 316 1338 378; baseline 0.003 -19"><span class='ocrx_word' id='word_1_27' title='bbox 139 318 210 360; x_wconf 90' lang='grc'>30.</span> <span class='ocrx_word' id='word_1_28' title='bbox 240 316 353 370; x_wconf 84' lang='lat' dir='ltr'>Quid</span> <span class='ocrx_word' id='word_1_29' title='bbox 372 334 470 375; x_wconf 84' lang='lat' dir='ltr'>ergo</span> <span class='ocrx_word' id='word_1_30' title='bbox 489 318 711 364; x_wconf 84' lang='lat' dir='ltr'>dicemus?</span> <span class='ocrx_word' id='word_1_31' title='bbox 746 317 880 378; x_wconf 76' lang='lat' dir='ltr'>Quod</span> <span class='ocrx_word' id='word_1_32' title='bbox 914 319 1078 363; x_wconf 70' lang='lat' dir='ltr'>Gentes</span> <span class='ocrx_word' id='word_1_33' title='bbox 1093 353 1105 374; x_wconf 92' lang='lat'>‚</span> <span class='ocrx_word' id='word_1_34' title='bbox 1137 335 1230 374; x_wconf 86' lang='lat' dir='ltr'>quae</span> <span class='ocrx_word' id='word_1_35' title='bbox 1249 334 1338 363; x_wconf 88' lang='lat' dir='ltr'>non</span> 
     </span>
     <span class='ocr_line' id='line_1_6' title="bbox 84 385 1340 447; baseline 0.003 -15"><span class='ocrx_word' id='word_1_36' title='bbox 84 385 356 432; x_wconf 72' lang='lat' dir='ltr'>sectabantur</span> <span class='ocrx_word' id='word_1_37' title='bbox 372 388 593 444; x_wconf 76' lang='lat' dir='ltr'>justitiam,</span> <span class='ocrx_word' id='word_1_38' title='bbox 615 389 990 446; x_wconf 85' lang='lat' dir='ltr'>apprehenderunt</span> <span class='ocrx_word' id='word_1_39' title='bbox 1005 389 1231 447; x_wconf 79' lang='lat' dir='ltr'>justitiam:</span> <span class='ocrx_word' id='word_1_40' title='bbox 1249 389 1340 445; x_wconf 80' lang='lat' dir='ltr'>jus·</span> 
     </span>
     <span class='ocr_line' id='line_1_7' title="bbox 83 455 780 517; baseline 0.009 -16"><span class='ocrx_word' id='word_1_41' title='bbox 83 455 216 502; x_wconf 80' lang='lat' dir='ltr'>titiam</span> <span class='ocrx_word' id='word_1_42' title='bbox 237 469 377 503; x_wconf 77' lang='lat' dir='ltr'>autem</span> <span class='ocrx_word' id='word_1_43' title='bbox 397 494 409 513; x_wconf 95' lang='lat'><strong>‚</strong></span> <span class='ocrx_word' id='word_1_44' title='bbox 429 478 521 517; x_wconf 89' lang='lat' dir='ltr'>quae</span> <span class='ocrx_word' id='word_1_45' title='bbox 539 477 588 505; x_wconf 85' lang='lat' dir='ltr'>ex</span> <span class='ocrx_word' id='word_1_46' title='bbox 602 461 686 506; x_wconf 84' lang='lat' dir='ltr'>fide</span> <span class='ocrx_word' id='word_1_47' title='bbox 707 471 780 507; x_wconf 86' lang='lat' dir='ltr'>est.</span> 
     </span>
    </p>
   </div>
   <div class='ocr_carea' id='block_1_2' title="bbox 84 566 1340 1051">
    <p class='ocr_par' dir='ltr' id='par_1_4' title="bbox 86 566 1337 696">
     <span class='ocr_line' id='line_1_8' title="bbox 141 566 1337 631; baseline 0.006 -21"><span class='ocrx_word' id='word_1_48' title='bbox 141 569 210 612; x_wconf 88' lang='lat'>31.</span> <span class='ocrx_word' id='word_1_49' title='bbox 229 566 361 612; x_wconf 86' lang='lat' dir='ltr'>Israel</span> <span class='ocrx_word' id='word_1_50' title='bbox 384 572 484 615; x_wconf 78' lang='lat' dir='ltr'>vero</span> <span class='ocrx_word' id='word_1_51' title='bbox 502 571 702 616; x_wconf 73' lang='lat' dir='ltr'>sectando</span> <span class='ocrx_word' id='word_1_52' title='bbox 721 572 856 631; x_wconf 78' lang='lat' dir='ltr'>legem</span> <span class='ocrx_word' id='word_1_53' title='bbox 887 572 1082 628; x_wconf 70' lang='lat' dir='ltr'>justitiae‚</span> <span class='ocrx_word' id='word_1_54' title='bbox 1119 571 1164 615; x_wconf 91' lang='lat' dir='ltr'>in</span> <span class='ocrx_word' id='word_1_55' title='bbox 1200 572 1337 631; x_wconf 85' lang='lat' dir='ltr'>legem</span> 
     </span>
     <span class='ocr_line' id='line_1_9' title="bbox 86 638 997 696; baseline 0.01 -14"><span class='ocrx_word' id='word_1_56' title='bbox 86 638 256 695; x_wconf 75' lang='lat' dir='ltr'>justitiae</span> <span class='ocrx_word' id='word_1_57' title='bbox 277 657 365 684; x_wconf 88' lang='lat' dir='ltr'>non</span> <span class='ocrx_word' id='word_1_58' title='bbox 389 642 594 696; x_wconf 78' lang='lat' dir='ltr'>pervenit.</span> <span class='ocrx_word' id='word_1_59' title='bbox 993 659 997 661; x_wconf 85' lang='grc'><em>“</em></span> 
     </span>
    </p>

    <p class='ocr_par' dir='ltr' id='par_1_5' title="bbox 84 711 1338 840">
     <span class='ocr_line' id='line_1_10' title="bbox 139 711 1338 770; baseline 0.003 -16"><span class='ocrx_word' id='word_1_60' title='bbox 139 713 207 755; x_wconf 83' lang='lat'>32.</span> <span class='ocrx_word' id='word_1_61' title='bbox 225 713 397 765; x_wconf 75' lang='lat' dir='ltr'>Quare?</span> <span class='ocrx_word' id='word_1_62' title='bbox 421 711 531 766; x_wconf 83' lang='lat' dir='ltr'>Quia</span> <span class='ocrx_word' id='word_1_63' title='bbox 549 729 635 757; x_wconf 87' lang='lat' dir='ltr'>non</span> <span class='ocrx_word' id='word_1_64' title='bbox 658 729 707 757; x_wconf 86' lang='lat' dir='ltr'>ex</span> <span class='ocrx_word' id='word_1_65' title='bbox 727 713 812 757; x_wconf 85' lang='lat' dir='ltr'>fide</span> <span class='ocrx_word' id='word_1_66' title='bbox 832 747 844 769; x_wconf 87' lang='lat'>‚</span> <span class='ocrx_word' id='word_1_67' title='bbox 874 714 947 759; x_wconf 87' lang='lat' dir='ltr'>sed</span> <span class='ocrx_word' id='word_1_68' title='bbox 970 713 1090 770; x_wconf 87' lang='lat' dir='ltr'>quasi</span> <span class='ocrx_word' id='word_1_69' title='bbox 1122 729 1171 757; x_wconf 84' lang='lat' dir='ltr'>ex</span> <span class='ocrx_word' id='word_1_70' title='bbox 1194 713 1338 769; x_wconf 82' lang='lat' dir='ltr'>operi-</span> 
     </span>
     <span class='ocr_line' id='line_1_11' title="bbox 84 777 1176 840; baseline 0.004 -15"><span class='ocrx_word' id='word_1_71' title='bbox 84 780 164 827; x_wconf 90' lang='lat' dir='ltr'>bus</span> <span class='ocrx_word' id='word_1_72' title='bbox 180 800 191 826; x_wconf 74' lang='grc' dir='ltr'>ε</span> <span class='ocrx_word' id='word_1_73' title='bbox 208 782 481 827; x_wconf 78' lang='lat' dir='ltr'>offenderunt</span> <span class='ocrx_word' id='word_1_74' title='bbox 497 783 609 828; x_wconf 87' lang='lat' dir='ltr'>enim</span> <span class='ocrx_word' id='word_1_75' title='bbox 626 777 669 828; x_wconf 74' lang='lat' dir='ltr'>iu</span> <span class='ocrx_word' id='word_1_76' title='bbox 689 783 877 840; x_wconf 80' lang='lat' dir='ltr'>lapidem</span> <span class='ocrx_word' id='word_1_77' title='bbox 895 783 1147 830; x_wconf 80' lang='lat' dir='ltr'>offensionis</span> <span class='ocrx_word' id='word_1_78' title='bbox 1164 818 1176 838; x_wconf 88' lang='lat'>‚</span> 
     </span>
    </p>

    <p class='ocr_par' dir='ltr' id='par_1_6' title="bbox 85 842 1340 1051">
     <span class='ocr_line' id='line_1_12' title="bbox 139 842 1339 913; baseline 0.002 -15"><span class='ocrx_word' id='word_1_79' title='bbox 139 855 207 898; x_wconf 86' lang='lat'>33.</span> <span class='ocrx_word' id='word_1_80' title='bbox 225 852 342 898; x_wconf 85' lang='lat' dir='ltr'>Sicut</span> <span class='ocrx_word' id='word_1_81' title='bbox 361 842 566 910; x_wconf 77' lang='lat' dir='ltr'>scriptum</span> <span class='ocrx_word' id='word_1_82' title='bbox 586 864 648 900; x_wconf 84' lang='lat' dir='ltr'>cst</span> <span class='ocrx_word' id='word_1_83' title='bbox 666 874 674 897; x_wconf 94' lang='lat'>:</span> <span class='ocrx_word' id='word_1_84' title='bbox 695 854 806 900; x_wconf 88' lang='lat' dir='ltr'>Ecce</span> <span class='ocrx_word' id='word_1_85' title='bbox 825 873 937 913; x_wconf 89' lang='lat' dir='ltr'>pono</span> <span class='ocrx_word' id='word_1_86' title='bbox 960 855 1003 899; x_wconf 88' lang='lat' dir='ltr'>in</span> <span class='ocrx_word' id='word_1_87' title='bbox 1020 854 1121 900; x_wconf 89' lang='lat' dir='ltr'>Sion</span> <span class='ocrx_word' id='word_1_88' title='bbox 1151 853 1339 910; x_wconf 67' lang='lat' dir='ltr'>la&#39;pidem</span> 
     </span>
     <span class='ocr_line' id='line_1_13' title="bbox 85 922 1340 982; baseline 0 -13"><span class='ocrx_word' id='word_1_89' title='bbox 85 922 362 980; x_wconf 78' lang='lat' dir='ltr'>offensionis,</span> <span class='ocrx_word' id='word_1_90' title='bbox 384 935 425 969; x_wconf 81' lang='lat' dir='ltr'>et</span> <span class='ocrx_word' id='word_1_91' title='bbox 444 935 607 982; x_wconf 77' lang='lat' dir='ltr'>petram</span> <span class='ocrx_word' id='word_1_92' title='bbox 630 925 844 972; x_wconf 86' lang='lat' dir='ltr'>scandali:</span> <span class='ocrx_word' id='word_1_93' title='bbox 864 936 904 972; x_wconf 85' lang='lat' dir='ltr'>et</span> <span class='ocrx_word' id='word_1_94' title='bbox 927 925 1092 982; x_wconf 88' lang='lat' dir='ltr'>omnis,</span> <span class='ocrx_word' id='word_1_95' title='bbox 1113 924 1186 981; x_wconf 78' lang='lat' dir='ltr'>(lui</span> <span class='ocrx_word' id='word_1_96' title='bbox 1205 923 1340 970; x_wconf 86' lang='lat' dir='ltr'>credit</span> 
     </span>
     <span class='ocr_line' id='line_1_14' title="bbox 85 993 690 1051; baseline 0.003 -13"><span class='ocrx_word' id='word_1_97' title='bbox 85 993 131 1039; x_wconf 88' lang='lat' dir='ltr'>in</span> <span class='ocrx_word' id='word_1_98' title='bbox 150 1012 247 1040; x_wconf 83' lang='lat' dir='ltr'>eum</span> <span class='ocrx_word' id='word_1_99' title='bbox 262 1031 272 1051; x_wconf 89' lang='lat'>‚</span> <span class='ocrx_word' id='word_1_100' title='bbox 291 1014 379 1042; x_wconf 89' lang='lat' dir='ltr'>non</span> <span class='ocrx_word' id='word_1_101' title='bbox 396 997 690 1042; x_wconf 81' lang='lat' dir='ltr'>confundetur.</span> 
     </span>
    </p>
   </div>
  </div>
 </body>
</html>
