1410 2554
306 51 482 89 ‘rmum
504 50 735 81 Exposrrlo.
763 38 863 92 Cap.
891 38 966 79 XI.
1199 53 1277 95 ²9⁷

76 110 284 153 Occasione
307 111 386 161 ejus
408 109 506 162 quod
524 109 616 150 dixit
640 109 871 160 immediate,
902 111 1104 150 secundam
1123 111 1280 151 electio-

24 189 110 215 nem
126 166 262 227 ’ἐνατία
273 201 286 222 ,
307 174 439 213 iterum
454 172 612 227 inculcat
629 172 728 226 quod
746 173 868 214 docuit
901 177 1008 226 supra
1021 203 1033 223 ,
1053 174 1280 224 justificatio-

19 251 108 278 nem
139 236 218 277 fieri
235 265 246 284 ‚
269 250 346 276 non
369 249 416 276 ex
447 236 620 290 operibus
647 235 763 287 legis3
798 235 864 276 sed
886 249 934 276 ex
961 237 1094 277 virtute
1113 233 1278 287 Christi,

20 313 103 354 quae
122 313 186 354 per
211 298 324 339 fidem
347 300 470 338 vivam
492 298 602 338 nobis
619 297 841 350 applicatur:
863 298 1021 351 alioquin
1038 295 1250 350 justificatio
1264 326 1275 348 ‚

23 377 131 416 quarn
151 367 289 403 constat
307 375 388 400 esse
407 363 595 412 gratuitam
611 390 622 411 ,
642 375 718 400 non
741 367 837 401 esset
854 363 966 414 gratia
984 390 995 408 ‚
1018 362 1085 402 sed
1102 375 1259 402 merces,

79 418 124 466 fi.
147 440 184 477 7.
207 424 311 477 Quid
327 423 442 474 ergo?
459 422 572 475 Quod
586 424 772 475 quaerebat
796 420 944 471 Israel,
968 422 1079 463 hoc...
1099 420 1167 463 Gr.
1179 421 1279 477 quod

21 489 172 542 inquirit
185 483 295 526 Israel
308 514 320 536 ,
339 492 408 526 etc.

80 547 183 600 Quid
198 563 246 588 ex
263 549 370 588 dietis
389 545 575 600 sequitur?
587 545 687 600 quod
702 545 818 595 major
836 560 916 598 pars
934 545 1057 598 populi
1074 543 1278 596 Israelitici‚

23 609 85 663 qui
106 610 293 662 quaerebat
308 615 344 650 et
362 607 480 648 adhuc
502 609 628 660 quaerit
654 607 825 656 justitiam
839 635 850 654 ‚
873 604 966 645 illam
991 612 1114 646 tamen
1130 620 1206 646 non
1224 612 1281 647 est

21 678 204 712 assecutus
223 683 232 708 :
251 672 333 723 quia
350 682 424 708 non
448 669 573 720 quaerit
603 667 666 706 ubi
687 673 723 706 et
747 666 934 719 quomodo
958 672 1125 719 oportet3
1153 666 1280 719 quaerit

21 736 185 777 enimex
197 732 482 788 operibuslegis;
493 734 576 771 cum
588 730 720 771 debeat
733 743 898 783 quaerere
912 743 959 770 ex
971 732 1110 770 meritis
1124 727 1281 780 Christi,

18 812 88 852 per
103 799 217 840 fldem
233 800 303 839 sibi
322 798 523 852 applicatis.

77 859 220 898 Electio
242 866 407 898 autem...
441 855 486 896 ld
515 861 590 904 est,
615 857 735 896 minor
755 869 837 907 pars
866 855 957 896 illius
980 855 1126 909 populi,
1157 852 1281 894 Judaei

19 919 191 958 nimirum
203 948 214 968 ‚
235 920 295 969 qui
316 915 456 957 Christi
473 913 592 957 fidem
610 916 773 969 amplexi
789 923 871 958 sunt
886 935 896 964 ;
914 916 953 956 hi
970 920 991 956 a
1010 915 1095 957 Deo
1114 915 1220 956 electi
1233 914 1280 955 ad

16 982 189 1031 justitiam
203 1010 213 1029 ‚
238 980 333 1020 illam
353 978 509 1022 assecuti
529 986 626 1020 sunt.

75 1039 214 1083 Coeteri
227 1045 317 1082 νει-ὁ
335 1045 521 1082 eoecaecati
540 1050 667 1083 sunt...
694 1039 761 1083 Gr.
786 1042 1050 1084 obduruerunt.
1066 1041 1148 1098 Syr.
1168 1042 1281 1083 corde

17 1118 85 1146 suo
103 1105 280 1145 obcaecati
295 1111 399 1152 sunt;
417 1104 455 1144 id
473 1110 552 1154 est,
575 1105 694 1144 caeteri
717 1106 805 1144 vero
822 1106 883 1156 qui
907 1099 1046 1144 Christi
1059 1103 1174 1144 fidem
1201 1115 1280 1144 non

16 1168 175 1222 amplexi
190 1167 333 1209 suerunt
347 1198 359 1220 ‚
378 1169 552 1209 excaecati
570 1173 654 1207 sunt
674 1173 710 1207 et
729 1166 898 1207 indurati.
916 1164 1064 1208 Directe
1082 1174 1117 1208 et
1133 1168 1280 1221 proprie

15 1229 38 1271 ὃ
57 1243 98 1271 se
115 1244 251 1286 suaque
273 1230 426 1277 malitia;
451 1229 628 1270 indirecta
647 1232 736 1270 vero
751 1228 774 1271 a
792 1225 886 1270 Deo
907 1229 1123 1280 deserente,
1145 1237 1186 1271 ut
1199 1228 1280 1270 dic-

14 1297 95 1333 tum
111 1300 167 1333 est
185 1307 264 1346 cap.
282 1307 320 1348 9.
338 1286 383 1335 Ῡ.
407 1293 470 1334 18.
490 1308 554 1333 21.
579 1307 646 1333 22.

71 1351 118 1402 †.
135 1355 175 1397 8.
192 1357 295 1396 Sicut
314 1357 491 1409 scriptum
513 1362 567 1395 est
581 1371 593 1394 .·
616 1355 727 1395 Dedit
747 1356 822 1395 illis
849 1355 951 1395 Deus
972 1357 1188 1407 spirltum...
1207 1368 1279 1396 os-

15 1417 134 1461 tendit
150 1418 222 1458 hoc
246 1418 458 1472 praedictum
480 1417 590 1458 fuisse
613 1418 659 1457 ab
687 1414 779 1457 Isaia
794 1446 807 1468 ,
830 1431 913 1471 cap.
942 1433 1008 1471 29·
1025 1412 1071 1460 Ῠ,
1096 1428 1156 1457 ιο.
1177 1418 1279 1469 cujus

16 1494 174 1522 sensum
194 1483 368 1536 exprimit
383 1480 583 1535 Apostolus
596 1510 607 1530 ‚
627 1493 703 1520 non
721 1481 849 1522 verba.

69 1544 231 1599 Spiritns
263 1546 558 1596 compunctionis
575 1558 588 1581 .·
607 1556 672 1582 seu
685 1570 698 1591 ‚
726 1549 765 1582 ut
792 1546 842 1583 ait
867 1538 980 1582 lsaias
995 1571 1007 1591 ‚
1024 1543 1193 1594 soporis.-
1223 1548 1279 1583 est

15 1619 168 1647 somnus
187 1606 384 1646 altissimus
404 1611 439 1646 et
456 1603 763 1658 profundissimus
775 1634 787 1654 ,
803 1605 861 1644 cui
879 1603 1067 1644 oculorum
1087 1610 1123 1644 et
1138 1605 1279 1646 aurium

12 1681 167 1721 omnem
190 1681 340 1710 sensum
359 1667 518 1708 adimat:
549 1667 650 1720 quasi
676 1666 770 1706 oculi
799 1672 922 1707 essent
950 1679 1015 1706 acu
1041 1667 1273 1720 compuncti,

11 1733 210 1783 excaecati.

72 1788 187 1832 Hunc
204 1793 370 1843 spiritum
392 1789 495 1832 dedit
514 1787 618 1831 Deus
636 1790 843 1832 deserendo
861 1805 925 1833 eos
951 1803 1029 1832 suae
1049 1789 1195 1832 malitiae
1204 1788 1225 1843 ¹,
1237 1799 1279 1834 ut

14 1859 138 1911 supra.

73 1917 211 1958 Oculos
231 1923 273 1958 ut
290 1932 365 1958 non
382 1918 575 1974 videant„
590 1916 665 1958 hoc
685 1931 819 1971 sopore
837 1916 999 1971 lethargo
1025 1917 1156 1971 sepulti
1174 1949 1187 1970 ‚
1205 1932 1276 1960 nec

14 1973 153 2026 Christi
171 1980 351 2022 miraculis
364 2012 376 2033 ‚
393 1995 462 2022 nec
482 1981 737 2038 praedicatione
757 1981 1004 2035 expergefacti
1021 1988 1128 2022 sunt:
1142 1982 1276 2024 viden·

16 2047 74 2083 tes
91 2039 166 2101 pon
192 2043 389 2098 viderunt,
407 2037 597 2087 audientes
623 2058 700 2084 non
721 2043 926 2085 audierunt.
947 2043 1045 2086 Vide
1063 2046 1175 2086 etiam
1191 2043 1278 2088 lsai.

16 2098 102 2157 cap*-
117 2101 155 2147 Β.
172 2101 224 2149 Ἰ.
246 2109 308 2165 ¹9·
342 2160 365 2164 Η

73 2160 121 2209 fi.
139 2183 180 2222 9.
195 2160 247 2209 Ek
259 2169 383 2210 David
396 2162 521 2209 dicit.-
542 2170 635 2210 Fiat
653 2163 964 2214 mensa'torum...
978 2167 1024 2212 Id
1053 2177 1108 2212 est
1119 2201 1131 2220 ‚
1147 2185 1277 2212 mensa

15 2230 503 2300 SPp-imatissmeppayerhi
529 2233 668 2281 divini;
691 2232 992 2287 sac'rascriptura
1006 2261 1020 2282 ,
1042 2244 1165 2276 coram
1188 2237 1277 2290 ipsis

18 2287 204 2358 espinosa,
229 2288 521 2363 'quasimensm
554 2299 592 2338 in
623 2310 693 2351 qua
712 2296 939 2351 spiritualiter
968 2295 1211 2350 delicientur,
1240 2306 1278 2341 et
