<?xml version="1.0" encoding="UTF-8"?>
<!DOCTYPE html PUBLIC "-//W3C//DTD XHTML 1.0 Transitional//EN"
    "http://www.w3.org/TR/xhtml1/DTD/xhtml1-transitional.dtd">
<html xmlns="http://www.w3.org/1999/xhtml" xml:lang="en" lang="en">
 <head>
  <title>
</title>
<meta http-equiv="Content-Type" content="text/html;charset=utf-8" />
  <meta name='ocr-system' content='tesseract 3.04.00' />
  <meta name='ocr-capabilities' content='ocr_page ocr_carea ocr_par ocr_line ocrx_word'/>
</head>
<body>
  <div class='ocr_page' id='page_1' title='image "./epistolaumbpauli01picq_0203.png"; bbox 0 0 1410 2554; ppageno 0'>
   <div class='ocr_carea' id='block_1_1' title="bbox 0 0 18 19">
    <p class='ocr_par' dir='ltr' id='par_1_1' title="bbox 0 0 18 19">
     <span class='ocr_line' id='line_1_1' title="bbox 0 0 18 19; baseline 0 -14"><span class='ocrx_word' id='word_1_1' title='bbox 0 0 18 19; x_wconf 54' lang='grc' dir='ltr'>Γ,</span> 
     </span>
    </p>
   </div>
   <div class='ocr_carea' id='block_1_2' title="bbox 25 44 1298 251">
    <p class='ocr_par' dir='ltr' id='par_1_2' title="bbox 25 44 1298 251">
     <span class='ocr_line' id='line_1_2' title="bbox 294 44 1298 108; baseline -0.009 -9"><span class='ocrx_word' id='word_1_2' title='bbox 294 67 475 99; x_wconf 64' lang='lat' dir='ltr'>rumex</span> <span class='ocrx_word' id='word_1_3' title='bbox 496 44 731 97; x_wconf 58' lang='lat' dir='ltr'>nxuosmo.</span> <span class='ocrx_word' id='word_1_4' title='bbox 752 53 848 108; x_wconf 75' lang='lat' dir='ltr'>Cep.</span> <span class='ocrx_word' id='word_1_5' title='bbox 869 52 965 93; x_wconf 79' lang='lat' dir='ltr'><em>Vll.</em></span> <span class='ocrx_word' id='word_1_6' title='bbox 1218 63 1298 106; x_wconf 83' lang='lat'>¹99</span> 
     </span>
     <span class='ocr_line' id='line_1_3' title="bbox 25 122 1298 182; baseline -0.012 -6"><span class='ocrx_word' id='word_1_7' title='bbox 25 135 215 180; x_wconf 51' lang='lat' dir='ltr'>maritum·-</span> <span class='ocrx_word' id='word_1_8' title='bbox 239 129 289 170; x_wconf 88' lang='lat' dir='ltr'>illi</span> <span class='ocrx_word' id='word_1_9' title='bbox 302 136 319 178; x_wconf 78' lang='grc'>,’</span> <span class='ocrx_word' id='word_1_10' title='bbox 341 141 408 182; x_wconf 88' lang='lat' dir='ltr'>per</span> <span class='ocrx_word' id='word_1_11' title='bbox 440 127 562 180; x_wconf 82' lang='lat' dir='ltr'>legem</span> <span class='ocrx_word' id='word_1_12' title='bbox 588 126 836 174; x_wconf 80' lang='lat' dir='ltr'>matrimonii,</span> <span class='ocrx_word' id='word_1_13' title='bbox 855 124 996 176; x_wconf 83' lang='lat' dir='ltr'>alligata</span> <span class='ocrx_word' id='word_1_14' title='bbox 1024 128 1081 164; x_wconf 78' lang='lat' dir='ltr'>est</span> <span class='ocrx_word' id='word_1_15' title='bbox 1101 134 1198 164; x_wconf 88' lang='lat' dir='ltr'>uxor</span> <span class='ocrx_word' id='word_1_16' title='bbox 1215 137 1226 170; x_wconf 68' lang='grc' dir='ltr'>ς</span> <span class='ocrx_word' id='word_1_17' title='bbox 1246 122 1298 162; x_wconf 79' lang='lat' dir='ltr'>ita</span> 
     </span>
     <span class='ocr_line' id='line_1_4' title="bbox 28 187 956 251; baseline -0.006 -17"><span class='ocrx_word' id='word_1_18' title='bbox 28 195 188 251; x_wconf 76' lang='lat' dir='ltr'>quandiu</span> <span class='ocrx_word' id='word_1_19' title='bbox 204 192 267 234; x_wconf 84' lang='lat' dir='ltr'>lex</span> <span class='ocrx_word' id='word_1_20' title='bbox 290 194 430 245; x_wconf 85' lang='lat' dir='ltr'>viguit,</span> <span class='ocrx_word' id='word_1_21' title='bbox 451 191 501 231; x_wconf 89' lang='lat' dir='ltr'>illi</span> <span class='ocrx_word' id='word_1_22' title='bbox 522 187 676 229; x_wconf 85' lang='lat' dir='ltr'>Judaeus</span> <span class='ocrx_word' id='word_1_23' title='bbox 695 187 762 228; x_wconf 89' lang='lat' dir='ltr'>suit</span> <span class='ocrx_word' id='word_1_24' title='bbox 781 187 956 240; x_wconf 84' lang='lat' dir='ltr'>alligatus.</span> 
     </span>
    </p>
   </div>
   <div class='ocr_carea' id='block_1_3' title="bbox 24 255 1300 376">
    <p class='ocr_par' dir='ltr' id='par_1_3' title="bbox 24 255 1300 376">
     <span class='ocr_line' id='line_1_5' title="bbox 24 255 1297 311; baseline -0.009 -5"><span class='ocrx_word' id='word_1_25' title='bbox 24 272 30 287; x_wconf 74' lang='grc'>’-</span> <span class='ocrx_word' id='word_1_26' title='bbox 81 262 182 306; x_wconf 91' lang='lat' dir='ltr'>Sicut</span> <span class='ocrx_word' id='word_1_27' title='bbox 214 270 335 304; x_wconf 87' lang='lat' dir='ltr'>autem</span> <span class='ocrx_word' id='word_1_28' title='bbox 349 292 360 311; x_wconf 94' lang='lat'>,</span> <span class='ocrx_word' id='word_1_29' title='bbox 388 262 519 301; x_wconf 88' lang='lat' dir='ltr'>marito</span> <span class='ocrx_word' id='word_1_30' title='bbox 536 258 733 306; x_wconf 82' lang='lat' dir='ltr'>defuncto,</span> <span class='ocrx_word' id='word_1_31' title='bbox 756 271 852 298; x_wconf 87' lang='lat' dir='ltr'>uxor</span> <span class='ocrx_word' id='word_1_32' title='bbox 871 257 984 296; x_wconf 86' lang='lat' dir='ltr'>soluta</span> <span class='ocrx_word' id='word_1_33' title='bbox 1005 262 1062 297; x_wconf 85' lang='lat' dir='ltr'>est</span> <span class='ocrx_word' id='word_1_34' title='bbox 1085 258 1106 295; x_wconf 72' lang='grc' dir='ltr'>ὲ</span> <span class='ocrx_word' id='word_1_35' title='bbox 1121 255 1200 308; x_wconf 85' lang='lat' dir='ltr'>lege</span> <span class='ocrx_word' id='word_1_36' title='bbox 1214 267 1297 295; x_wconf 86' lang='lat' dir='ltr'>ma·</span> 
     </span>
     <span class='ocr_line' id='line_1_6' title="bbox 28 314 1300 376; baseline -0.009 -8"><span class='ocrx_word' id='word_1_37' title='bbox 28 329 214 373; x_wconf 80' lang='lat' dir='ltr'>trimonii3</span> <span class='ocrx_word' id='word_1_38' title='bbox 237 329 301 376; x_wconf 81' lang='lat' dir='ltr'>ita,</span> <span class='ocrx_word' id='word_1_39' title='bbox 319 325 381 364; x_wconf 92' lang='lat' dir='ltr'>ubi</span> <span class='ocrx_word' id='word_1_40' title='bbox 400 323 459 362; x_wconf 84' lang='lat' dir='ltr'>lex</span> <span class='ocrx_word' id='word_1_41' title='bbox 482 323 653 373; x_wconf 84' lang='lat' dir='ltr'>abrogata</span> <span class='ocrx_word' id='word_1_42' title='bbox 670 318 753 370; x_wconf 84' lang='lat' dir='ltr'>suit,</span> <span class='ocrx_word' id='word_1_43' title='bbox 769 319 816 358; x_wconf 82' lang='lat' dir='ltr'>ab</span> <span class='ocrx_word' id='word_1_44' title='bbox 836 332 879 359; x_wconf 88' lang='lat' dir='ltr'>ea</span> <span class='ocrx_word' id='word_1_45' title='bbox 897 318 1035 358; x_wconf 83' lang='lat' dir='ltr'>solutus</span> <span class='ocrx_word' id='word_1_46' title='bbox 1051 324 1107 358; x_wconf 88' lang='lat' dir='ltr'>est</span> <span class='ocrx_word' id='word_1_47' title='bbox 1125 314 1300 357; x_wconf 83' lang='lat' dir='ltr'>Judaeus.</span> 
     </span>
    </p>
   </div>
   <div class='ocr_carea' id='block_1_4' title="bbox 6 390 1305 2390">
    <p class='ocr_par' dir='ltr' id='par_1_4' title="bbox 28 390 1302 636">
     <span class='ocr_line' id='line_1_7' title="bbox 83 390 1300 449; baseline -0.011 -8"><span class='ocrx_word' id='word_1_48' title='bbox 83 397 127 442; x_wconf 64' lang='grc' dir='ltr'>Ῠ,</span> <span class='ocrx_word' id='word_1_49' title='bbox 147 399 185 443; x_wconf 84' lang='grc'>3.</span> <span class='ocrx_word' id='word_1_50' title='bbox 205 399 328 449; x_wconf 77' lang='lat' dir='ltr'>Igitur</span> <span class='ocrx_word' id='word_1_51' title='bbox 343 397 486 436; x_wconf 76' lang='lat' dir='ltr'>vr&#39;oente</span> <span class='ocrx_word' id='word_1_52' title='bbox 497 394 594 444; x_wconf 74' lang='grc' dir='ltr'><em>νίνο,</em></span> <span class='ocrx_word' id='word_1_53' title='bbox 611 394 812 434; x_wconf 71' lang='lat' dir='ltr'>vocabitur</span> <span class='ocrx_word' id='word_1_54' title='bbox 828 393 1017 440; x_wconf 70' lang='lat' dir='ltr'>adnuere,-</span> <span class='ocrx_word' id='word_1_55' title='bbox 1031 390 1198 442; x_wconf 79' lang='lat' dir='ltr'>sisuerr&#39;t</span> <span class='ocrx_word' id='word_1_56' title='bbox 1211 405 1300 429; x_wconf 81' lang='lat' dir='ltr'>cum</span> 
     </span>
     <span class='ocr_line' id='line_1_8' title="bbox 28 451 1296 508; baseline -0.007 -7"><span class='ocrx_word' id='word_1_57' title='bbox 28 463 107 502; x_wconf 73' lang='lat' dir='ltr'>alio</span> <span class='ocrx_word' id='word_1_58' title='bbox 124 461 220 501; x_wconf 76' lang='lat' dir='ltr'>w&#39;ro.</span> <span class='ocrx_word' id='word_1_59' title='bbox 242 455 309 498; x_wconf 92' lang='lat' dir='ltr'>Gr.</span> <span class='ocrx_word' id='word_1_60' title='bbox 324 459 355 497; x_wconf 89' lang='lat' dir='ltr'>si</span> <span class='ocrx_word' id='word_1_61' title='bbox 374 455 480 497; x_wconf 84' lang='lat' dir='ltr'>fuerit</span> <span class='ocrx_word' id='word_1_62' title='bbox 497 458 579 495; x_wconf 86' lang='lat' dir='ltr'>viro</span> <span class='ocrx_word' id='word_1_63' title='bbox 604 454 726 504; x_wconf 83' lang='lat' dir='ltr'>alteri,</span> <span class='ocrx_word' id='word_1_64' title='bbox 748 455 785 494; x_wconf 90' lang='lat' dir='ltr'>id</span> <span class='ocrx_word' id='word_1_65' title='bbox 811 461 891 504; x_wconf 88' lang='lat' dir='ltr'>est,</span> <span class='ocrx_word' id='word_1_66' title='bbox 923 457 958 495; x_wconf 80' lang='lat' dir='ltr'>si</span> <span class='ocrx_word' id='word_1_67' title='bbox 980 455 1166 508; x_wconf 79' lang='lat' dir='ltr'>nupserit,</span> <span class='ocrx_word' id='word_1_68' title='bbox 1184 451 1245 491; x_wconf 82' lang='lat' dir='ltr'>vet</span> <span class='ocrx_word' id='word_1_69' title='bbox 1263 452 1296 492; x_wconf 83' lang='lat' dir='ltr'>si</span> 
     </span>
     <span class='ocr_line' id='line_1_9' title="bbox 30 515 1296 576; baseline -0.008 -12"><span class='ocrx_word' id='word_1_70' title='bbox 30 521 196 576; x_wconf 80' lang='lat' dir='ltr'>copulata</span> <span class='ocrx_word' id='word_1_71' title='bbox 217 523 263 561; x_wconf 81' lang='lat' dir='ltr'>sit</span> <span class='ocrx_word' id='word_1_72' title='bbox 284 520 385 560; x_wconf 81' lang='lat' dir='ltr'>alteri</span> <span class='ocrx_word' id='word_1_73' title='bbox 405 521 499 559; x_wconf 84' lang='lat' dir='ltr'>viro.</span> <span class='ocrx_word' id='word_1_74' title='bbox 514 520 559 559; x_wconf 82' lang='lat' dir='ltr'>Si</span> <span class='ocrx_word' id='word_1_75' title='bbox 568 525 692 558; x_wconf 76' lang='lat' dir='ltr'>autem</span> <span class='ocrx_word' id='word_1_76' title='bbox 714 515 1008 569; x_wconf 76' lang='lat' dir='ltr'>mortuusfuerr‘t</span> <span class='ocrx_word' id='word_1_77' title='bbox 1019 518 1081 558; x_wconf 74' lang='lat' dir='ltr'>vir</span> <span class='ocrx_word' id='word_1_78' title='bbox 1091 517 1188 571; x_wconf 81' lang='lat' dir='ltr'>ejus,</span> <span class='ocrx_word' id='word_1_79' title='bbox 1207 516 1296 556; x_wconf 62' lang='lat' dir='ltr'>lihe—</span> 
     </span>
     <span class='ocr_line' id='line_1_10' title="bbox 29 581 1302 636; baseline -0.007 -9"><span class='ocrx_word' id='word_1_80' title='bbox 29 593 122 627; x_wconf 70' lang='lat' dir='ltr'>rata</span> <span class='ocrx_word' id='word_1_81' title='bbox 145 593 200 626; x_wconf 83' lang='lat' dir='ltr'>est</span> <span class='ocrx_word' id='word_1_82' title='bbox 216 586 331 636; x_wconf 61' lang='lat' dir='ltr'>alege</span> <span class='ocrx_word' id='word_1_83' title='bbox 351 585 450 630; x_wconf 74' lang='lat' dir='ltr'>viri,</span> <span class='ocrx_word' id='word_1_84' title='bbox 473 583 511 623; x_wconf 91' lang='lat' dir='ltr'>id</span> <span class='ocrx_word' id='word_1_85' title='bbox 529 588 608 631; x_wconf 83' lang='lat' dir='ltr'>est,</span> <span class='ocrx_word' id='word_1_86' title='bbox 628 581 743 622; x_wconf 82' lang='lat' dir='ltr'>soluta</span> <span class='ocrx_word' id='word_1_87' title='bbox 767 589 822 622; x_wconf 87' lang='lat' dir='ltr'>est</span> <span class='ocrx_word' id='word_1_88' title='bbox 840 584 861 622; x_wconf 73' lang='grc' dir='ltr'>ὲ</span> <span class='ocrx_word' id='word_1_89' title='bbox 879 582 964 635; x_wconf 84' lang='lat' dir='ltr'>lege</span> <span class='ocrx_word' id='word_1_90' title='bbox 985 582 1230 622; x_wconf 69' lang='lat' dir='ltr'>matrimonii:</span> <span class='ocrx_word' id='word_1_91' title='bbox 1252 582 1302 619; x_wconf 84' lang='lat' dir='ltr'>ita</span> 
     </span>
    </p>

    <p class='ocr_par' dir='ltr' id='par_1_5' title="bbox 6 643 1302 876">
     <span class='ocr_line' id='line_1_11' title="bbox 6 643 1301 699; baseline -0.007 -9"><span class='ocrx_word' id='word_1_92' title='bbox 6 676 7 680; x_wconf 60' lang='lat'><em>=</em></span> <span class='ocrx_word' id='word_1_93' title='bbox 30 655 71 689; x_wconf 81' lang='lat' dir='ltr'>ut</span> <span class='ocrx_word' id='word_1_94' title='bbox 91 663 167 690; x_wconf 90' lang='lat' dir='ltr'>non</span> <span class='ocrx_word' id='word_1_95' title='bbox 198 654 390 688; x_wconf 77' lang='lat' dir='ltr'><strong>censeatur</strong></span> <span class='ocrx_word' id='word_1_96' title='bbox 419 645 604 694; x_wconf 83' lang='lat' dir='ltr'>adultera,</span> <span class='ocrx_word' id='word_1_97' title='bbox 623 657 693 684; x_wconf 90' lang='lat' dir='ltr'>nec</span> <span class='ocrx_word' id='word_1_98' title='bbox 723 643 891 685; x_wconf 82' lang='lat' dir='ltr'>adulterii</span> <span class='ocrx_word' id='word_1_99' title='bbox 910 646 1029 699; x_wconf 88' lang='lat' dir='ltr'>poenis</span> <span class='ocrx_word' id='word_1_100' title='bbox 1056 644 1221 693; x_wconf 86' lang='lat' dir='ltr'>subjecta</span> <span class='ocrx_word' id='word_1_101' title='bbox 1237 673 1245 687; x_wconf 90' lang='lat'>‚</span> <span class='ocrx_word' id='word_1_102' title='bbox 1269 643 1301 681; x_wconf 87' lang='lat' dir='ltr'>si</span> 
     </span>
     <span class='ocr_line' id='line_1_12' title="bbox 32 703 1302 764; baseline -0.006 -13"><span class='ocrx_word' id='word_1_103' title='bbox 32 712 194 764; x_wconf 75' lang='lat' dir='ltr'>nupserit</span> <span class='ocrx_word' id='word_1_104' title='bbox 213 723 295 750; x_wconf 89' lang='lat' dir='ltr'>cum</span> <span class='ocrx_word' id='word_1_105' title='bbox 315 708 384 748; x_wconf 86' lang='lat' dir='ltr'>alio</span> <span class='ocrx_word' id='word_1_106' title='bbox 407 709 511 756; x_wconf 85' lang='lat' dir='ltr'>viro,</span> <span class='ocrx_word' id='word_1_107' title='bbox 531 713 593 746; x_wconf 86' lang='lat' dir='ltr'>aut</span> <span class='ocrx_word' id='word_1_108' title='bbox 614 706 714 747; x_wconf 86' lang='lat' dir='ltr'>alteri</span> <span class='ocrx_word' id='word_1_109' title='bbox 743 709 907 760; x_wconf 85' lang='lat' dir='ltr'>corporis</span> <span class='ocrx_word' id='word_1_110' title='bbox 929 709 983 747; x_wconf 88' lang='lat' dir='ltr'>sui</span> <span class='ocrx_word' id='word_1_111' title='bbox 1006 711 1226 759; x_wconf 84' lang='lat' dir='ltr'>potestatem</span> <span class='ocrx_word' id='word_1_112' title='bbox 1244 703 1302 744; x_wconf 83' lang='lat' dir='ltr'>fe·</span> 
     </span>
     <span class='ocr_line' id='line_1_13' title="bbox 28 768 1301 822; baseline -0.005 -8"><span class='ocrx_word' id='word_1_113' title='bbox 28 773 148 818; x_wconf 68' lang='lat' dir='ltr'>&#39;cerit;</span> <span class='ocrx_word' id='word_1_114' title='bbox 171 773 256 813; x_wconf 73' lang='lat' dir='ltr'>licet</span> <span class='ocrx_word' id='word_1_115' title='bbox 284 772 385 812; x_wconf 87' lang='lat' dir='ltr'>enim</span> <span class='ocrx_word' id='word_1_116' title='bbox 404 772 441 810; x_wconf 90' lang='lat' dir='ltr'>in</span> <span class='ocrx_word' id='word_1_117' title='bbox 460 769 534 810; x_wconf 86' lang='lat' dir='ltr'>hoc</span> <span class='ocrx_word' id='word_1_118' title='bbox 551 783 635 810; x_wconf 88' lang='lat' dir='ltr'>casu</span> <span class='ocrx_word' id='word_1_119' title='bbox 654 776 807 822; x_wconf 87' lang='lat' dir='ltr'>peccet,</span> <span class='ocrx_word' id='word_1_120' title='bbox 827 769 893 809; x_wconf 90' lang='lat' dir='ltr'>sed</span> <span class='ocrx_word' id='word_1_121' title='bbox 912 783 990 810; x_wconf 90' lang='lat' dir='ltr'>non</span> <span class='ocrx_word' id='word_1_122' title='bbox 1008 770 1046 808; x_wconf 90' lang='lat' dir='ltr'>in</span> <span class='ocrx_word' id='word_1_123' title='bbox 1067 768 1187 821; x_wconf 84' lang='lat' dir='ltr'>legem</span> <span class='ocrx_word' id='word_1_124' title='bbox 1204 779 1301 807; x_wconf 88' lang='lat' dir='ltr'>con-</span> 
     </span>
     <span class='ocr_line' id='line_1_14' title="bbox 33 834 1190 876; baseline -0.004 -1"><span class='ocrx_word' id='word_1_125' title='bbox 33 841 87 876; x_wconf 88' lang='lat' dir='ltr'>tra</span> <span class='ocrx_word' id='word_1_126' title='bbox 103 834 296 875; x_wconf 75' lang='lat' dir='ltr'>adulteras.</span> <span class='ocrx_word' id='word_1_127' title='bbox 1179 843 1190 848; x_wconf 81' lang='grc'><em>·</em></span> 
     </span>
    </p>

    <p class='ocr_par' dir='ltr' id='par_1_6' title="bbox 33 886 1303 1009">
     <span class='ocr_line' id='line_1_15' title="bbox 89 886 1303 948; baseline -0.001 -13"><span class='ocrx_word' id='word_1_128' title='bbox 89 892 144 945; x_wconf 58' lang='lat' dir='ltr'>y.</span> <span class='ocrx_word' id='word_1_129' title='bbox 161 895 199 945; x_wconf 76' lang='grc'>4.</span> <span class='ocrx_word' id='word_1_130' title='bbox 220 897 351 947; x_wconf 75' lang='lat' dir='ltr'>ltaque</span> <span class='ocrx_word' id='word_1_131' title='bbox 365 924 377 944; x_wconf 86' lang='lat'>,</span> <span class='ocrx_word' id='word_1_132' title='bbox 406 892 548 942; x_wconf 79' lang='lat' dir='ltr'>fratres</span> <span class='ocrx_word' id='word_1_133' title='bbox 567 895 643 932; x_wconf 85' lang='lat' dir='ltr'>mei</span> <span class='ocrx_word' id='word_1_134' title='bbox 653 921 666 939; x_wconf 90' lang='lat'>,</span> <span class='ocrx_word' id='word_1_135' title='bbox 696 899 733 930; x_wconf 80' lang='lat' dir='ltr'>et</span> <span class='ocrx_word' id='word_1_136' title='bbox 758 906 825 931; x_wconf 74' lang='lat' dir='ltr'>vos</span> <span class='ocrx_word' id='word_1_137' title='bbox 851 886 1079 943; x_wconf 55' lang='lat' dir='ltr'>mortificati</span> <span class='ocrx_word' id='word_1_138' title='bbox 1096 894 1197 932; x_wconf 77' lang='lat' dir='ltr'>estis.</span> <span class='ocrx_word' id='word_1_139' title='bbox 1212 891 1303 948; x_wconf 85' lang='lat' dir='ltr'><strong>Syr.</strong></span> 
     </span>
     <span class='ocr_line' id='line_1_16' title="bbox 33 951 1303 1009; baseline -0.002 -11"><span class='ocrx_word' id='word_1_140' title='bbox 33 971 134 998; x_wconf 89' lang='lat' dir='ltr'>nunc</span> <span class='ocrx_word' id='word_1_141' title='bbox 152 959 274 1009; x_wconf 83' lang='lat' dir='ltr'>igitur,</span> <span class='ocrx_word' id='word_1_142' title='bbox 296 955 420 994; x_wconf 76' lang='lat' dir='ltr'>fratres</span> <span class='ocrx_word' id='word_1_143' title='bbox 441 955 543 1002; x_wconf 87' lang='lat' dir='ltr'>mei,</span> <span class='ocrx_word' id='word_1_144' title='bbox 564 954 696 992; x_wconf 90' lang='lat' dir='ltr'>mortui</span> <span class='ocrx_word' id='word_1_145' title='bbox 717 955 804 992; x_wconf 88' lang='lat' dir='ltr'>estis</span> <span class='ocrx_word' id='word_1_146' title='bbox 827 952 897 1004; x_wconf 84' lang='lat' dir='ltr'>legi</span> <span class='ocrx_word' id='word_1_147' title='bbox 916 955 954 992; x_wconf 90' lang='lat' dir='ltr'>in</span> <span class='ocrx_word' id='word_1_148' title='bbox 973 966 1128 1006; x_wconf 86' lang='lat' dir='ltr'>corpore</span> <span class='ocrx_word' id='word_1_149' title='bbox 1147 951 1303 996; x_wconf 76' lang='lat' dir='ltr'>Christi.</span> 
     </span>
    </p>

    <p class='ocr_par' dir='ltr' id='par_1_7' title="bbox 30 1014 1305 1380">
     <span class='ocr_line' id='line_1_17' title="bbox 89 1014 1304 1070; baseline -0.001 -11"><span class='ocrx_word' id='word_1_150' title='bbox 89 1015 253 1070; x_wconf 83' lang='lat' dir='ltr'>Adaptat</span> <span class='ocrx_word' id='word_1_151' title='bbox 274 1015 579 1056; x_wconf 65' lang='lat' dir='ltr'>‘similitudinem</span> <span class='ocrx_word' id='word_1_152' title='bbox 601 1014 680 1054; x_wconf 85' lang='lat' dir='ltr'>haec</span> <span class='ocrx_word' id='word_1_153' title='bbox 698 1017 795 1055; x_wconf 87' lang='lat' dir='ltr'>enim</span> <span class='ocrx_word' id='word_1_154' title='bbox 820 1027 896 1055; x_wconf 85' lang='lat' dir='ltr'>vox</span> <span class='ocrx_word' id='word_1_155' title='bbox 912 1018 1037 1068; x_wconf 77' lang='lat' dir='ltr'>itaque</span> <span class='ocrx_word' id='word_1_156' title='bbox 1058 1015 1193 1056; x_wconf 85' lang='lat' dir='ltr'>indicat</span> <span class='ocrx_word' id='word_1_157' title='bbox 1211 1031 1304 1058; x_wconf 90' lang='lat' dir='ltr'>con-</span> 
     </span>
     <span class='ocr_line' id='line_1_18' title="bbox 35 1075 1305 1132; baseline 0 -12"><span class='ocrx_word' id='word_1_158' title='bbox 35 1080 260 1127; x_wconf 84' lang='lat' dir='ltr'>clusionem,</span> <span class='ocrx_word' id='word_1_159' title='bbox 284 1092 394 1131; x_wconf 77' lang='lat' dir='ltr'>quam</span> <span class='ocrx_word' id='word_1_160' title='bbox 416 1092 464 1117; x_wconf 89' lang='lat' dir='ltr'>ex</span> <span class='ocrx_word' id='word_1_161' title='bbox 492 1077 603 1116; x_wconf 65' lang='lat' dir='ltr'>allato</span> <span class='ocrx_word' id='word_1_162' title='bbox 634 1076 808 1129; x_wconf 84' lang='lat' dir='ltr'>exemplo</span> <span class='ocrx_word' id='word_1_163' title='bbox 841 1077 989 1117; x_wconf 79' lang='lat' dir='ltr'>deducit</span> <span class='ocrx_word' id='word_1_164' title='bbox 1019 1075 1235 1132; x_wconf 85' lang='lat' dir='ltr'>Apostolus.</span> <span class='ocrx_word' id='word_1_165' title='bbox 1251 1076 1305 1120; x_wconf 86' lang='lat' dir='ltr'>Et</span> 
     </span>
     <span class='ocr_line' id='line_1_19' title="bbox 30 1136 1302 1196; baseline -0.001 -15"><span class='ocrx_word' id='word_1_166' title='bbox 30 1142 121 1196; x_wconf 85' lang='lat' dir='ltr'>&#39;quia</span> <span class='ocrx_word' id='word_1_167' title='bbox 139 1140 222 1180; x_wconf 80' lang='lat' dir='ltr'>haec</span> <span class='ocrx_word' id='word_1_168' title='bbox 242 1146 317 1180; x_wconf 82' lang='lat' dir='ltr'>erat</span> <span class='ocrx_word' id='word_1_169' title='bbox 335 1138 426 1179; x_wconf 91' lang='lat' dir='ltr'>illius</span> <span class='ocrx_word' id='word_1_170' title='bbox 445 1140 734 1192; x_wconf 73' lang='lat' dir='ltr'>argumentatio:</span> <span class='ocrx_word' id='word_1_171' title='bbox 755 1136 875 1188; x_wconf 86' lang='lat' dir='ltr'>Uxor,</span> <span class='ocrx_word' id='word_1_172' title='bbox 897 1145 1043 1179; x_wconf 89' lang='lat' dir='ltr'>mortuo</span> <span class='ocrx_word' id='word_1_173' title='bbox 1067 1142 1220 1192; x_wconf 84' lang='lat' dir='ltr'>marito,</span> <span class='ocrx_word' id='word_1_174' title='bbox 1241 1154 1302 1180; x_wconf 87' lang='lat' dir='ltr'>so-</span> 
     </span>
     <span class='ocr_line' id='line_1_20' title="bbox 35 1200 1302 1254; baseline 0.001 -11"><span class='ocrx_word' id='word_1_175' title='bbox 35 1202 108 1243; x_wconf 84' lang='lat' dir='ltr'>luta</span> <span class='ocrx_word' id='word_1_176' title='bbox 121 1210 174 1243; x_wconf 89' lang='lat' dir='ltr'>est</span> <span class='ocrx_word' id='word_1_177' title='bbox 189 1205 210 1242; x_wconf 66' lang='lat' dir='ltr'>a</span> <span class='ocrx_word' id='word_1_178' title='bbox 229 1202 308 1254; x_wconf 85' lang='lat' dir='ltr'>lege</span> <span class='ocrx_word' id='word_1_179' title='bbox 330 1205 396 1242; x_wconf 85' lang='lat' dir='ltr'>viri</span> <span class='ocrx_word' id='word_1_180' title='bbox 417 1218 425 1242; x_wconf 73' lang='grc' dir='ltr'><strong><em>ε</em></strong></span> <span class='ocrx_word' id='word_1_181' title='bbox 449 1203 546 1253; x_wconf 86' lang='lat' dir='ltr'>atqui</span> <span class='ocrx_word' id='word_1_182' title='bbox 565 1200 626 1241; x_wconf 91' lang='lat' dir='ltr'>lex</span> <span class='ocrx_word' id='word_1_183' title='bbox 640 1231 651 1250; x_wconf 88' lang='lat'>,</span> <span class='ocrx_word' id='word_1_184' title='bbox 673 1213 757 1253; x_wconf 83' lang='lat' dir='ltr'>quae</span> <span class='ocrx_word' id='word_1_185' title='bbox 775 1208 851 1240; x_wconf 82' lang='lat' dir='ltr'>crat</span> <span class='ocrx_word' id='word_1_186' title='bbox 870 1204 969 1253; x_wconf 88' lang='lat' dir='ltr'>quasi</span> <span class='ocrx_word' id='word_1_187' title='bbox 994 1204 1142 1242; x_wconf 83' lang='lat' dir='ltr'>maritus</span> <span class='ocrx_word' id='word_1_188' title='bbox 1159 1210 1302 1254; x_wconf 83' lang='lat' dir='ltr'>vester,</span> 
     </span>
     <span class='ocr_line' id='line_1_21' title="bbox 33 1261 1300 1318; baseline 0.002 -13"><span class='ocrx_word' id='word_1_189' title='bbox 33 1271 177 1305; x_wconf 86' lang='lat' dir='ltr'>mortua</span> <span class='ocrx_word' id='word_1_190' title='bbox 195 1271 250 1304; x_wconf 87' lang='lat' dir='ltr'>est</span> <span class='ocrx_word' id='word_1_191' title='bbox 267 1278 332 1316; x_wconf 87' lang='lat' dir='ltr'>per</span> <span class='ocrx_word' id='word_1_192' title='bbox 350 1261 484 1303; x_wconf 86' lang='lat' dir='ltr'>Christi</span> <span class='ocrx_word' id='word_1_193' title='bbox 502 1270 659 1303; x_wconf 86' lang='lat' dir='ltr'>mortem</span> <span class='ocrx_word' id='word_1_194' title='bbox 676 1281 685 1311; x_wconf 90' lang='grc'>;</span> <span class='ocrx_word' id='word_1_195' title='bbox 710 1276 798 1316; x_wconf 80' lang='lat' dir='ltr'>ergo</span> <span class='ocrx_word' id='word_1_196' title='bbox 817 1277 884 1306; x_wconf 82' lang='lat' dir='ltr'>vos</span> <span class='ocrx_word' id='word_1_197' title='bbox 902 1266 1036 1316; x_wconf 80' lang='lat' dir='ltr'>pariter</span> <span class='ocrx_word' id='word_1_198' title='bbox 1056 1264 1164 1305; x_wconf 90' lang='lat' dir='ltr'>soluti</span> <span class='ocrx_word' id='word_1_199' title='bbox 1184 1269 1272 1307; x_wconf 87' lang='lat' dir='ltr'>estis</span> <span class='ocrx_word' id='word_1_200' title='bbox 1287 1297 1300 1318; x_wconf 97' lang='lat'>,</span> 
     </span>
     <span class='ocr_line' id='line_1_22' title="bbox 36 1326 789 1380; baseline -0.003 -11"><span class='ocrx_word' id='word_1_201' title='bbox 36 1342 108 1379; x_wconf 79' lang='lat' dir='ltr'>nec</span> <span class='ocrx_word' id='word_1_202' title='bbox 125 1328 276 1380; x_wconf 79' lang='lat' dir='ltr'>amplius</span> <span class='ocrx_word' id='word_1_203' title='bbox 291 1329 359 1367; x_wconf 87' lang='lat' dir='ltr'>snb</span> <span class='ocrx_word' id='word_1_204' title='bbox 378 1327 457 1379; x_wconf 83' lang='lat' dir='ltr'>lege</span> <span class='ocrx_word' id='word_1_205' title='bbox 470 1358 479 1376; x_wconf 83' lang='lat'><strong>‚</strong></span> <span class='ocrx_word' id='word_1_206' title='bbox 499 1326 563 1367; x_wconf 89' lang='lat' dir='ltr'>sed</span> <span class='ocrx_word' id='word_1_207' title='bbox 578 1327 645 1366; x_wconf 89' lang='lat' dir='ltr'>sub</span> <span class='ocrx_word' id='word_1_208' title='bbox 664 1328 789 1378; x_wconf 53' lang='lat' dir='ltr'>gratia.</span> 
     </span>
    </p>

    <p class='ocr_par' dir='ltr' id='par_1_8' title="bbox 39 1386 1304 1566">
     <span class='ocr_line' id='line_1_23' title="bbox 95 1386 1303 1443; baseline 0.005 -15"><span class='ocrx_word' id='word_1_209' title='bbox 95 1388 297 1431; x_wconf 88' lang='lat' dir='ltr'>Debuisset</span> <span class='ocrx_word' id='word_1_210' title='bbox 312 1392 418 1443; x_wconf 75' lang='lat' dir='ltr'>igitur</span> <span class='ocrx_word' id='word_1_211' title='bbox 434 1389 632 1442; x_wconf 82' lang='lat' dir='ltr'>Apostolus</span> <span class='ocrx_word' id='word_1_212' title='bbox 651 1390 774 1430; x_wconf 87' lang='lat' dir='ltr'>dicere</span> <span class='ocrx_word' id='word_1_213' title='bbox 787 1406 795 1429; x_wconf 89' lang='lat'>:</span> <span class='ocrx_word' id='word_1_214' title='bbox 808 1386 963 1430; x_wconf 86' lang='lat' dir='ltr'>Mortua</span> <span class='ocrx_word' id='word_1_215' title='bbox 976 1397 1032 1430; x_wconf 85' lang='lat' dir='ltr'>est</span> <span class='ocrx_word' id='word_1_216' title='bbox 1049 1391 1127 1442; x_wconf 87' lang='lat' dir='ltr'>lex,</span> <span class='ocrx_word' id='word_1_217' title='bbox 1143 1399 1215 1434; x_wconf 86' lang='lat' dir='ltr'>etc.</span> <span class='ocrx_word' id='word_1_218' title='bbox 1233 1393 1303 1434; x_wconf 86' lang='lat' dir='ltr'>sed</span> 
     </span>
     <span class='ocr_line' id='line_1_24' title="bbox 39 1449 1304 1506; baseline 0.002 -12"><span class='ocrx_word' id='word_1_219' title='bbox 39 1449 257 1494; x_wconf 73' lang='lat' dir='ltr'>Judaeorum</span> <span class='ocrx_word' id='word_1_220' title='bbox 273 1452 510 1492; x_wconf 79' lang='lat' dir='ltr'>imbecillitati</span> <span class='ocrx_word' id='word_1_221' title='bbox 533 1455 750 1501; x_wconf 84' lang='lat' dir='ltr'>consulens,</span> <span class='ocrx_word' id='word_1_222' title='bbox 771 1467 818 1494; x_wconf 88' lang='lat' dir='ltr'>ne</span> <span class='ocrx_word' id='word_1_223' title='bbox 833 1467 897 1494; x_wconf 89' lang='lat' dir='ltr'>eos</span> <span class='ocrx_word' id='word_1_224' title='bbox 917 1453 1151 1506; x_wconf 80' lang='lat' dir='ltr'>offenderet,</span> <span class='ocrx_word' id='word_1_225' title='bbox 1177 1456 1304 1499; x_wconf 80' lang='lat' dir='ltr'>maluit</span> 
     </span>
     <span class='ocr_line' id='line_1_25' title="bbox 40 1513 656 1566; baseline -0.003 -8"><span class='ocrx_word' id='word_1_226' title='bbox 40 1517 185 1558; x_wconf 85' lang='lat' dir='ltr'>dicere:</span> <span class='ocrx_word' id='word_1_227' title='bbox 210 1513 294 1556; x_wconf 85' lang='lat' dir='ltr'>Vos</span> <span class='ocrx_word' id='word_1_228' title='bbox 312 1517 451 1555; x_wconf 76' lang='lat' dir='ltr'>mortui</span> <span class='ocrx_word' id='word_1_229' title='bbox 464 1518 550 1555; x_wconf 79' lang='lat' dir='ltr'>estis</span> <span class='ocrx_word' id='word_1_230' title='bbox 572 1518 656 1566; x_wconf 80' lang='lat' dir='ltr'>legi.</span> 
     </span>
    </p>

    <p class='ocr_par' dir='ltr' id='par_1_9' title="bbox 32 1577 1304 1816">
     <span class='ocr_line' id='line_1_26' title="bbox 96 1577 1303 1635; baseline 0.002 -16"><span class='ocrx_word' id='word_1_231' title='bbox 96 1577 302 1631; x_wconf 87' lang='lat' dir='ltr'>Utrumque</span> <span class='ocrx_word' id='word_1_232' title='bbox 316 1585 436 1618; x_wconf 85' lang='lat' dir='ltr'>autem</span> <span class='ocrx_word' id='word_1_233' title='bbox 451 1591 576 1617; x_wconf 87' lang='lat' dir='ltr'>verum</span> <span class='ocrx_word' id='word_1_234' title='bbox 596 1581 678 1618; x_wconf 79' lang='lat' dir='ltr'>cum</span> <span class='ocrx_word' id='word_1_235' title='bbox 695 1579 754 1620; x_wconf 83' lang='lat' dir='ltr'>sit:</span> <span class='ocrx_word' id='word_1_236' title='bbox 775 1591 903 1618; x_wconf 85' lang='lat' dir='ltr'>verum</span> <span class='ocrx_word' id='word_1_237' title='bbox 922 1582 1022 1619; x_wconf 88' lang='lat' dir='ltr'>enirn</span> <span class='ocrx_word' id='word_1_238' title='bbox 1040 1587 1095 1620; x_wconf 87' lang='lat' dir='ltr'>est</span> <span class='ocrx_word' id='word_1_239' title='bbox 1117 1581 1217 1635; x_wconf 78' lang='lat' dir='ltr'>quod</span> <span class='ocrx_word' id='word_1_240' title='bbox 1237 1595 1303 1634; x_wconf 90' lang='lat' dir='ltr'>per</span> 
     </span>
     <span class='ocr_line' id='line_1_27' title="bbox 40 1636 1304 1692; baseline 0.001 -9"><span class='ocrx_word' id='word_1_241' title='bbox 40 1639 177 1683; x_wconf 85' lang='lat' dir='ltr'>Christi</span> <span class='ocrx_word' id='word_1_242' title='bbox 200 1648 356 1680; x_wconf 86' lang='lat' dir='ltr'>mortem</span> <span class='ocrx_word' id='word_1_243' title='bbox 384 1647 523 1679; x_wconf 81' lang='lat' dir='ltr'>mortua</span> <span class='ocrx_word' id='word_1_244' title='bbox 542 1642 586 1679; x_wconf 88' lang='lat' dir='ltr'>sit</span> <span class='ocrx_word' id='word_1_245' title='bbox 606 1640 681 1680; x_wconf 87' lang='lat' dir='ltr'>lex.</span> <span class='ocrx_word' id='word_1_246' title='bbox 701 1638 841 1692; x_wconf 84' lang='lat' dir='ltr'>Ephes.</span> <span class='ocrx_word' id='word_1_247' title='bbox 861 1657 897 1682; x_wconf 88' lang='lat'>2.</span> <span class='ocrx_word' id='word_1_248' title='bbox 914 1636 960 1684; x_wconf 65' lang='grc' dir='ltr'>Ῡ.</span> <span class='ocrx_word' id='word_1_249' title='bbox 988 1642 1051 1692; x_wconf 89' lang='lat'>15,</span> <span class='ocrx_word' id='word_1_250' title='bbox 1080 1642 1141 1683; x_wconf 85' lang='lat'>16.</span> <span class='ocrx_word' id='word_1_251' title='bbox 1163 1641 1304 1684; x_wconf 84' lang='lat' dir='ltr'>Verum</span> 
     </span>
     <span class='ocr_line' id='line_1_28' title="bbox 32 1701 1302 1758; baseline 0.003 -16"><span class='ocrx_word' id='word_1_252' title='bbox 32 1702 191 1756; x_wconf 32' lang='lat' dir='ltr'>{quoque</span> <span class='ocrx_word' id='word_1_253' title='bbox 208 1708 283 1747; x_wconf 86' lang='lat' dir='ltr'>est,</span> <span class='ocrx_word' id='word_1_254' title='bbox 312 1701 482 1754; x_wconf 70' lang='lat' dir='ltr'>quodnos</span> <span class='ocrx_word' id='word_1_255' title='bbox 503 1704 643 1740; x_wconf 79' lang='lat' dir='ltr'>mortui</span> <span class='ocrx_word' id='word_1_256' title='bbox 666 1716 797 1741; x_wconf 80' lang='lat' dir='ltr'>sumus</span> <span class='ocrx_word' id='word_1_257' title='bbox 806 1731 823 1753; x_wconf 83' lang='lat'>,</span> <span class='ocrx_word' id='word_1_258' title='bbox 847 1705 1067 1756; x_wconf 80' lang='lat' dir='ltr'>consepulti,</span> <span class='ocrx_word' id='word_1_259' title='bbox 1095 1708 1302 1758; x_wconf 82' lang='lat' dir='ltr'>complan-</span> 
     </span>
     <span class='ocr_line' id='line_1_29' title="bbox 42 1761 726 1816; baseline 0 -12"><span class='ocrx_word' id='word_1_260' title='bbox 42 1766 132 1810; x_wconf 75' lang='lat' dir='ltr'>tati,</span> <span class='ocrx_word' id='word_1_261' title='bbox 153 1769 275 1804; x_wconf 62' lang='lat' dir='ltr'>etant</span> <span class='ocrx_word' id='word_1_262' title='bbox 296 1765 333 1803; x_wconf 91' lang='lat' dir='ltr'>in</span> <span class='ocrx_word' id='word_1_263' title='bbox 354 1761 483 1816; x_wconf 81' lang='lat' dir='ltr'>cap.6.</span> <span class='ocrx_word' id='word_1_264' title='bbox 501 1764 637 1804; x_wconf 79' lang='lat' dir='ltr'>dictum</span> <span class='ocrx_word' id='word_1_265' title='bbox 657 1771 726 1804; x_wconf 89' lang='lat' dir='ltr'>est.</span> 
     </span>
    </p>

    <p class='ocr_par' dir='ltr' id='par_1_10' title="bbox 43 1823 1302 1945">
     <span class='ocr_line' id='line_1_30' title="bbox 98 1823 1302 1887; baseline 0.007 -22"><span class='ocrx_word' id='word_1_266' title='bbox 98 1823 201 1866; x_wconf 89' lang='lat' dir='ltr'>Hinc</span> <span class='ocrx_word' id='word_1_267' title='bbox 215 1828 254 1866; x_wconf 89' lang='lat' dir='ltr'>in</span> <span class='ocrx_word' id='word_1_268' title='bbox 269 1838 306 1865; x_wconf 89' lang='lat' dir='ltr'>re</span> <span class='ocrx_word' id='word_1_269' title='bbox 324 1839 450 1877; x_wconf 86' lang='lat' dir='ltr'>parum</span> <span class='ocrx_word' id='word_1_270' title='bbox 466 1825 666 1876; x_wconf 73' lang='lat' dir='ltr'>referebat,</span> <span class='ocrx_word' id='word_1_271' title='bbox 685 1827 775 1880; x_wconf 90' lang='lat' dir='ltr'>quid</span> <span class='ocrx_word' id='word_1_272' title='bbox 798 1829 922 1868; x_wconf 87' lang='lat' dir='ltr'>verbis</span> <span class='ocrx_word' id='word_1_273' title='bbox 943 1825 1147 1883; x_wconf 86' lang='lat' dir='ltr'>Apostolus</span> <span class='ocrx_word' id='word_1_274' title='bbox 1169 1835 1302 1887; x_wconf 82' lang='lat' dir='ltr'>expri-</span> 
     </span>
     <span class='ocr_line' id='line_1_31' title="bbox 43 1885 1078 1945; baseline 0.003 -17"><span class='ocrx_word' id='word_1_275' title='bbox 43 1894 173 1928; x_wconf 87' lang='lat' dir='ltr'>meret.</span> <span class='ocrx_word' id='word_1_276' title='bbox 192 1885 281 1927; x_wconf 89' lang='lat' dir='ltr'>Sive</span> <span class='ocrx_word' id='word_1_277' title='bbox 302 1894 445 1928; x_wconf 85' lang='lat' dir='ltr'>mortua</span> <span class='ocrx_word' id='word_1_278' title='bbox 470 1895 523 1928; x_wconf 88' lang='lat' dir='ltr'>est</span> <span class='ocrx_word' id='word_1_279' title='bbox 543 1889 627 1939; x_wconf 86' lang='lat' dir='ltr'>lex,</span> <span class='ocrx_word' id='word_1_280' title='bbox 645 1891 724 1930; x_wconf 87' lang='lat' dir='ltr'>sive</span> <span class='ocrx_word' id='word_1_281' title='bbox 744 1894 874 1930; x_wconf 89' lang='lat' dir='ltr'>mortui</span> <span class='ocrx_word' id='word_1_282' title='bbox 897 1893 983 1931; x_wconf 85' lang='lat' dir='ltr'>estis</span> <span class='ocrx_word' id='word_1_283' title='bbox 995 1891 1078 1945; x_wconf 84' lang='lat' dir='ltr'>legi.</span> 
     </span>
    </p>

    <p class='ocr_par' dir='ltr' id='par_1_11' title="bbox 35 1946 1302 2320">
     <span class='ocr_line' id='line_1_32' title="bbox 99 1946 1302 2003; baseline 0.01 -15"><span class='ocrx_word' id='word_1_284' title='bbox 99 1946 215 1990; x_wconf 78' lang='lat' dir='ltr'>Caute</span> <span class='ocrx_word' id='word_1_285' title='bbox 234 1955 356 1989; x_wconf 87' lang='lat' dir='ltr'>tamen</span> <span class='ocrx_word' id='word_1_286' title='bbox 375 1957 412 1990; x_wconf 87' lang='lat' dir='ltr'>et</span> <span class='ocrx_word' id='word_1_287' title='bbox 440 1950 637 2003; x_wconf 88' lang='lat' dir='ltr'>prudenter</span> <span class='ocrx_word' id='word_1_288' title='bbox 658 1949 876 1993; x_wconf 86' lang='lat' dir='ltr'>Judaeorum</span> <span class='ocrx_word' id='word_1_289' title='bbox 903 1955 1103 1995; x_wconf 86' lang='lat' dir='ltr'>infirmitati</span> <span class='ocrx_word' id='word_1_290' title='bbox 1128 1970 1210 1998; x_wconf 88' lang='lat' dir='ltr'>sese</span> <span class='ocrx_word' id='word_1_291' title='bbox 1229 1973 1302 2001; x_wconf 83' lang='lat' dir='ltr'>ac-</span> 
     </span>
     <span class='ocr_line' id='line_1_33' title="bbox 43 2011 1300 2072; baseline 0.006 -20"><span class='ocrx_word' id='word_1_292' title='bbox 43 2011 306 2062; x_wconf 80' lang='lat' dir='ltr'>commodans,</span> <span class='ocrx_word' id='word_1_293' title='bbox 340 2012 459 2064; x_wconf 77' lang='lat' dir='ltr'>legem</span> <span class='ocrx_word' id='word_1_294' title='bbox 488 2016 586 2054; x_wconf 87' lang='lat' dir='ltr'>enim</span> <span class='ocrx_word' id='word_1_295' title='bbox 625 2013 767 2067; x_wconf 88' lang='lat' dir='ltr'>plurimi</span> <span class='ocrx_word' id='word_1_296' title='bbox 796 2016 975 2058; x_wconf 71' lang='lat' dir='ltr'>sai-iebant</span> <span class='ocrx_word' id='word_1_297' title='bbox 990 2048 999 2063; x_wconf 85' lang='lat'>,</span> <span class='ocrx_word' id='word_1_298' title='bbox 1031 2032 1147 2058; x_wconf 90' lang='lat' dir='ltr'>unum</span> <span class='ocrx_word' id='word_1_299' title='bbox 1181 2019 1300 2072; x_wconf 84' lang='lat' dir='ltr'>dixit,</span> 
     </span>
     <span class='ocr_line' id='line_1_34' title="bbox 42 2072 1302 2130; baseline 0.01 -17"><span class='ocrx_word' id='word_1_300' title='bbox 42 2072 138 2114; x_wconf 86' lang='lat' dir='ltr'>aliud</span> <span class='ocrx_word' id='word_1_301' title='bbox 149 2074 378 2128; x_wconf 84' lang='lat' dir='ltr'>cogitandum</span> <span class='ocrx_word' id='word_1_302' title='bbox 392 2076 614 2130; x_wconf 78' lang='lat' dir='ltr'>reliquit,ait</span> <span class='ocrx_word' id='word_1_303' title='bbox 633 2076 682 2118; x_wconf 80' lang='lat' dir='ltr'>D.</span> <span class='ocrx_word' id='word_1_304' title='bbox 698 2077 910 2120; x_wconf 85' lang='lat' dir='ltr'>Anselmus.</span> <span class='ocrx_word' id='word_1_305' title='bbox 928 2078 998 2121; x_wconf 86' lang='lat' dir='ltr'>Vel</span> <span class='ocrx_word' id='word_1_306' title='bbox 1022 2082 1223 2122; x_wconf 82' lang='lat' dir='ltr'>secundum</span> <span class='ocrx_word' id='word_1_307' title='bbox 1240 2079 1302 2126; x_wconf 88' lang='lat' dir='ltr'>D.</span> 
     </span>
     <span class='ocr_line' id='line_1_35' title="bbox 43 2129 1300 2198; baseline 0.01 -25"><span class='ocrx_word' id='word_1_308' title='bbox 43 2129 371 2188; x_wconf 78' lang='lat' dir='ltr'>chrysostomum,</span> <span class='ocrx_word' id='word_1_309' title='bbox 387 2139 575 2180; x_wconf 87' lang='lat' dir='ltr'>mulierem</span> <span class='ocrx_word' id='word_1_310' title='bbox 590 2147 769 2180; x_wconf 82' lang='lat' dir='ltr'>mortuam</span> <span class='ocrx_word' id='word_1_311' title='bbox 783 2146 907 2195; x_wconf 77' lang='lat' dir='ltr'>aperte</span> <span class='ocrx_word' id='word_1_312' title='bbox 925 2142 1012 2184; x_wconf 88' lang='lat' dir='ltr'>dicit</span> <span class='ocrx_word' id='word_1_313' title='bbox 1028 2159 1036 2183; x_wconf 74' lang='grc' dir='ltr'>ε</span> <span class='ocrx_word' id='word_1_314' title='bbox 1055 2144 1174 2196; x_wconf 80' lang='lat' dir='ltr'>legem</span> <span class='ocrx_word' id='word_1_315' title='bbox 1192 2149 1300 2198; x_wconf 72' lang='lat' dir='ltr'>vero,</span> 
     </span>
     <span class='ocr_line' id='line_1_36' title="bbox 41 2198 1299 2260; baseline 0.01 -25"><span class='ocrx_word' id='word_1_316' title='bbox 41 2198 236 2248; x_wconf 87' lang='lat' dir='ltr'>maritum,</span> <span class='ocrx_word' id='word_1_317' title='bbox 257 2199 348 2240; x_wconf 83' lang='lat' dir='ltr'>ctam</span> <span class='ocrx_word' id='word_1_318' title='bbox 370 2203 545 2254; x_wconf 75' lang='lat' dir='ltr'>significat</span> <span class='ocrx_word' id='word_1_319' title='bbox 579 2207 615 2244; x_wconf 89' lang='lat' dir='ltr'>in</span> <span class='ocrx_word' id='word_1_320' title='bbox 649 2207 926 2258; x_wconf 64' lang='lat' dir='ltr'>propositione,</span> <span class='ocrx_word' id='word_1_321' title='bbox 948 2207 986 2247; x_wconf 85' lang='lat' dir='ltr'>id</span> <span class='ocrx_word' id='word_1_322' title='bbox 1015 2215 1095 2259; x_wconf 89' lang='lat' dir='ltr'>est,</span> <span class='ocrx_word' id='word_1_323' title='bbox 1115 2210 1153 2248; x_wconf 87' lang='lat' dir='ltr'>in</span> <span class='ocrx_word' id='word_1_324' title='bbox 1182 2222 1299 2260; x_wconf 84' lang='lat' dir='ltr'>argu-</span> 
     </span>
     <span class='ocr_line' id='line_1_37' title="bbox 35 2262 701 2320; baseline 0.017 -22"><span class='ocrx_word' id='word_1_325' title='bbox 35 2262 264 2301; x_wconf 83' lang='lat' dir='ltr'>mentatione</span> <span class='ocrx_word' id='word_1_326' title='bbox 277 2290 290 2309; x_wconf 93' lang='lat'>,</span> <span class='ocrx_word' id='word_1_327' title='bbox 312 2269 349 2303; x_wconf 85' lang='lat' dir='ltr'>ut</span> <span class='ocrx_word' id='word_1_328' title='bbox 364 2265 491 2307; x_wconf 89' lang='lat' dir='ltr'>videre</span> <span class='ocrx_word' id='word_1_329' title='bbox 508 2274 562 2308; x_wconf 85' lang='lat' dir='ltr'>est</span> <span class='ocrx_word' id='word_1_330' title='bbox 581 2270 701 2320; x_wconf 68' lang='lat' dir='ltr'>supra.</span> 
     </span>
    </p>

    <p class='ocr_par' dir='ltr' id='par_1_12' title="bbox 94 2321 1300 2390">
     <span class='ocr_line' id='line_1_38' title="bbox 94 2321 1300 2390; baseline 0.013 -27"><span class='ocrx_word' id='word_1_331' title='bbox 94 2321 328 2375; x_wconf 73' lang='lat' dir='ltr'>Mortficati</span> <span class='ocrx_word' id='word_1_332' title='bbox 336 2329 423 2367; x_wconf 71' lang='lat' dir='ltr'>estis</span> <span class='ocrx_word' id='word_1_333' title='bbox 432 2328 507 2380; x_wconf 78' lang='lat' dir='ltr'>legi</span> <span class='ocrx_word' id='word_1_334' title='bbox 514 2345 584 2382; x_wconf 82' lang='lat' dir='ltr'>per</span> <span class='ocrx_word' id='word_1_335' title='bbox 598 2345 734 2384; x_wconf 79' lang='lat' dir='ltr'>corpus</span> <span class='ocrx_word' id='word_1_336' title='bbox 758 2332 922 2384; x_wconf 75' lang='lat' dir='ltr'>Christi,</span> <span class='ocrx_word' id='word_1_337' title='bbox 943 2335 1079 2377; x_wconf 84' lang='lat' dir='ltr'>scilicet</span> <span class='ocrx_word' id='word_1_338' title='bbox 1107 2335 1300 2390; x_wconf 69' lang='lat' dir='ltr'>crucifixi,</span> 
     </span>
    </p>
   </div>
   <div class='ocr_carea' id='block_1_5' title="bbox 434 2419 449 2438">
    <p class='ocr_par' dir='ltr' id='par_1_13' title="bbox 434 2419 449 2438">
     <span class='ocr_line' id='line_1_39' title="bbox 434 2419 449 2438; baseline 0 0"><span class='ocrx_word' id='word_1_339' title='bbox 434 2419 449 2438; x_wconf 87' lang='grc' dir='ltr'><strong><em>Ι</em></strong></span> 
     </span>
    </p>
   </div>
  </div>
 </body>
</html>
