1410 2554
384 84 569 115 runnu
585 59 816 114 exposinoss
838 70 932 124 Gap.
951 71 1024 112 IX.
1222 87 1271 114 ιι
1283 89 1298 115 ι

79 143 141 187 δί
155 147 246 185 vero
262 145 312 184 ita
329 144 400 193 sit,
417 143 525 196 quod
546 141 652 183 Deus
681 139 851 183 Gentiies
880 155 980 181 nunc
1003 143 1040 182 in
1059 140 1301 194 spiritualibus

44 206 209 262 pmserat
225 201 368 248 Judaeis
380 222 393 252 ς
404 208 496 246 sicut
509 200 599 254 olim
617 202 800 246 Jacobum
816 206 855 244 in
870 204 1130 256 temporatibm
1148 211 1298 256 praetn·

41 267 81 308 tit
97 264 196 307 Esau
209 297 219 315 ,
239 266 350 319 idque
367 268 446 307 sine
466 270 619 314 merito,
639 271 677 305 ut
695 265 832 304 dictum
850 271 927 304 est:
946 264 1124 316 numquid
1139 268 1208 306 erit
1223 265 1300 305 ali-

43 330 166 381 quain
185 326 267 368 Deo
282 321 480 379 injustitia?
496 328 592 366 absit
614 328 765 365 omnino
781 330 801 365 a
822 326 890 379 piis
916 326 1099 365 mentibus
1120 324 1201 365 haec
1219 328 1299 366 im-

43 393 106 444 pia
118 391 301 442 cogitatio.

99 479 190 522 Non
205 487 259 522 est
277 481 446 533 iniquitas
463 481 500 518 in
522 476 633 529 Deo,
652 481 682 518 si
703 477 929 519 Christianos
950 492 1046 518 nunc
1070 478 1241 530 adoptet,
1267 485 1304 519 et

43 542 191 584 infilius
218 545 367 595 recipiat
384 557 392 580 :
416 541 489 582 hoc
509 543 607 581 enim
625 556 717 593 opus
740 550 794 582 est
814 542 1091 588 miseri‹·ordiae;
1122 542 1305 582 donorum

41 611 164 646 autem
182 618 257 645 suae
274 603 533 645 misericordiae
563 603 734 643 dominus
754 610 809 644 est
830 602 956 652 Deus,
986 607 1086 654 juxta
1105 603 1205 656 quod
1223 605 1305 656 ipse

42 665 227 710 Dominus
245 666 373 722 Moysi
389 667 479 708 dixit
498 683 507 706 :
526 665 733 708 Miserebor
751 671 850 720 cujus
866 671 1056 715 misereor,
1078 675 1149 708 etv..

101 773 190 817 Hoc
208 789 296 828 ergo
327 776 590 827 justificationis
617 779 827 829 negotium,
850 776 898 817 de
930 791 1004 830 quo
1039 775 1100 816 hic
1133 779 1303 829 agimus,

44 837 128 892 haec
149 846 299 894 paterna
319 837 393 880 Dei
411 842 449 879 in
464 837 691 880 Christianos
713 839 944 888 benedictio,
965 853 1039 879 non
1054 846 1108 880 est
1126 842 1163 881 in
1181 841 1305 883 homi·

44 904 104 943 nis
121 905 268 944 arbitrio
282 933 295 953 ‚
320 905 412 943 sicut
444 909 592 955 paterna
607 900 707 942 Isaac
727 902 936 945 benedictio
953 917 1030 942 non
1060 902 1126 942 fuit
1145 906 1184 944 in
1203 901 1303 945 Esau

45 965 203 1007 volentis
222 972 262 1007 et
281 968 456 1007 currentis
472 971 674 1020 potestate;
694 966 760 1006 sed
773 972 828 1006 est
846 979 938 1020 opus
955 962 1163 1009 memnei
1182 970 1303 1010 mise-

42 1028 222 1070 ricordiae.

98 1122 191 1168 Non
213 1129 267 1164 est
295 1126 411 1164 etiam
430 1124 600 1177 iniquitas
619 1126 656 1164 in
679 1121 782 1172 Deo,
805 1125 835 1163 si
862 1121 1015 1164 Judaeos
1033 1123 1245 1165 incredulos
1262 1127 1303 1166 in

45 1201 108 1228 sua
120 1186 328 1240 relinquens
344 1188 604 1236 obstinatione,
626 1186 774 1227 tandem
792 1188 947 1237 rejiciat;
964 1189 1054 1226 sicut
1069 1186 1158 1227 olim
1168 1199 1302 1228 eorum

44 1251 237 1300 misertus,
264 1247 498 1290 Pharaonem
516 1251 553 1290 in
571 1264 634 1290 sua
645 1250 787 1301 reliquit
804 1250 1053 1290 obduratione
1064 1280 1075 1298 ,
1092 1263 1134 1288 ac
1145 1249 1301 1291 tandem

43 1313 213 1365 punivit;
233 1311 439 1352 secundum
454 1311 553 1364 quod
566 1309 669 1352 Deus
684 1311 730 1351 de
743 1325 789 1352 eo
802 1310 887 1351 dicit
902 1313 941 1351 in
954 1308 1137 1362 Scriptura
1149 1326 1157 1350 :
1168 1309 1212 1351 In
1227 1310 1302 1352 hoe

43 1376 165 1428 ipsum
186 1380 221 1415 te
234 1375 379 1415 servavi
395 1390 404 1421 ;
430 1380 467 1414 et
485 1369 571 1414 licet
588 1380 864 1422 contumacem,
887 1387 962 1414 non
977 1375 1099 1413 statim
1115 1372 1298 1421 destruxi,

43 1442 85 1477 ut
95 1439 203 1479 variis
217 1439 329 1490 signis
345 1443 383 1478 et
401 1436 575 1489 prodigiis
588 1450 709 1477 ineam
721 1438 815 1476 circa
831 1442 869 1476 te
884 1437 1104 1489 protentiam
1120 1435 1302 1477 ostende-

44 1510 145 1545 rem3
169 1496 299 1550 hisque
316 1497 489 1552 prodigiis
510 1511 647 1539 nomen
664 1511 790 1538 meum
808 1499 846 1537 in
864 1503 942 1537 toto
958 1503 1135 1537 terrarum
1152 1498 1243 1538 orbe
1253 1500 1300 1539 eb

45 1558 235 1612 gloriosius
257 1560 592 1613 percrebresceret,
614 1564 687 1614 quo
706 1561 821 1611 maj0r
836 1559 931 1600 foret
948 1566 1007 1600 tua
1024 1561 1231 1613 pertinacia.

100 1664 205 1711 Deus
227 1685 313 1724 ergo
330 1686 476 1713 suarum
491 1674 764 1713 miserationum
783 1673 952 1714 dominus
965 1704 977 1724 ,
997 1676 1097 1725 eujus
1120 1675 1199 1715 vult
1226 1676 1299 1716 mi‘

43 1738 210 1778 seretur;
229 1738 265 1773 et
283 1747 394 1786 quem
415 1732 490 1773 vutt
508 1734 546 1773 in
561 1746 625 1774 sua
638 1729 811 1788 relinquit
838 1735 1017 1777 obstinata
1034 1737 1188 1784 duritia,
1209 1738 1302 1777 etin

44 1799 174 1835 neutro
193 1794 280 1835 nulli
297 1794 570 1847 facitinjuriam.
1325 1800 1327 1802 ’

101 1899 180 1943 Sed
208 1902 295 1946 hinc
321 1916 442 1945 rursus
462 1904 592 1954 objicis
611 1904 725 1947 mihi:
744 1904 834 1947 Hoc
854 1909 937 1947 cum
964 1910 1012 1948 ita
1033 1912 1102 1959 sit,
1120 1922 1183 1949 cur
1211 1921 1300 1961 ergo

46 1958 152 2004 Deus
180 1963 226 2004 de
245 1967 495 2018 peccatoribus
512 1961 782 2019 conqueritur?
805 1968 949 2009 videtur
968 1972 1070 2010 enim
1093 1970 1193 2024 quod
1212 1971 1302 2012 tates

45 2025 118 2066 sint
129 2025 241 2080 ipsius
253 2027 437 2068 voluntate
450 2043 459 2076 ;
479 2025 551 2069 Dei
564 2036 685 2070 autem
693 2030 869 2072 voluntati
882 2034 961 2085 quis
975 2033 1092 2073 valeat
1102 2035 1302 2076 resistere?
1320 2087 1324 2091 .

101 2130 140 2173 Ο
157 2141 218 2185 tu,
238 2138 300 2189 qui
327 2136 374 2177 de
391 2136 504 2178 humo
518 2167 528 2187 ,
555 2140 635 2192 quis
655 2140 720 2180 es?
737 2142 798 2192 qui
819 2141 954 2182 audeas
975 2141 1046 2181 tale
1066 2142 1154 2195 quid
1170 2157 1303 2198 oppo-

45 2208 137 2238 nere
152 2194 259 2247 Deo,
278 2206 317 2240 et
337 2207 463 2242 eontra
475 2215 571 2242 ‚eum
585 2202 792 2256 disputare?
809 2207 888 2258 quis
902 2205 990 2246 serat
1002 2236 1013 2254 ,
1032 2207 1063 2246 si
1082 2205 1219 2248 luteum
1236 2221 1303 2248 vas

45 2270 130 2300 cum
149 2272 217 2301 suo
244 2257 357 2313 figulo
378 2263 586 2316 disceptet,
604 2265 713 2320 'eique
734 2266 830 2308 dicat
845 2283 856 2307 ε
871 2265 946 2308 Cur
969 2282 1031 2309 me
1061 2270 1115 2309 sic
1133 2270 1302 2313 finxisti?

47 2316 178 2374 Cogita
195 2335 281 2375 ergo
299 2329 335 2364 te
349 2323 462 2366 lutum
475 2328 517 2367 in
531 2340 640 2367 manu
657 2325 743 2377 Dei,
763 2336 938 2383 tuumque
951 2345 1120 2373 reverere
1135 2331 1300 2385 figulum.
