1410 2554
137 79 213 122 182
405 119 413 123 .
516 85 726 124 ems-rom
755 94 812 124 Au
837 95 1035 128 noumos

131 157 326 194 mortuus
347 158 435 204 est,
451 148 540 195 imb
560 148 634 205 qui
655 158 696 194 et
710 150 964 207 resurrexit,
985 151 1058 208 qui
1079 163 1142 200 est
1165 155 1221 201 ad
1243 155 1393 203 dexte-

132 236 224 265 ram
245 220 339 276 Dei,
361 220 435 277 qui
455 219 584 266 etiam
603 221 847 278 interpellat
861 239 940 278 pro
955 223 1092 270 nobis.

188 404 256 446 35.
288 400 404 459 Quis
436 418 536 461 ergo
571 419 651 449 nos
679 404 893 460 separabit
915 407 940 451 a
966 403 1170 452 charitate
1201 406 1392 456 Christi?

131 471 380 518 tribulatio?
403 490 460 518 an
487 474 708 532 angustia?
744 491 799 520 an
819 475 990 522 fames?
1020 493 1075 524 an
1104 479 1306 528 nuditas?
1333 499 1390 529 an

132 541 401 597 periculum?
419 560 474 590 an
493 544 728 601 persecutio
743 549 763 587 ⁰?
783 562 838 591 an
867 546 1061 605 gladius?

188 723 254 765 36.
274 721 425 774 (Sicut
442 720 650 778 scriptum
667 731 729 768 est
747 741 758 765 ι
788 722 908 782 Quia
930 731 1106 779 propter
1125 731 1165 768 te
1198 724 1389 770 mortifi-

132 806 279 836 camur
294 793 381 837 tota
394 792 462 837 die
477 812 486 836 z
502 792 694 839 aestimati
710 810 857 838 sumus
872 792 978 839 sicut
995 809 1095 839 oves
1112 793 1389 847 occisionis.)

186 918 253 971 37.
270 908 409 959 Sedin
426 914 492 961 his
509 913 710 960 omnibus
721 930 988 970 superamus,
1006 923 1181 970 propter
1198 930 1298 959 eum
1317 912 1391 970 qui

131 985 279 1031 dilexit
297 1002 390 1031 nos.

187 1174 253 1216 38.
274 1173 421 1216 Certus
434 1188 530 1216 sum
546 1169 660 1215 enim
675 1204 686 1224 ‚
706 1170 807 1227 quia
820 1186 957 1226 neque
973 1185 1110 1225 mors,
1126 1185 1268 1225 neque
1282 1169 1398 1226 ‘vita‚'

132 1259 270 1299 neque
288 1242 446 1301 angeli,
466 1258 604 1298 neque
625 1241 908 1298 principatus,
932 1256 1070 1297 neque
1093 1240 1288 1296 virtutes,
1308 1258 1389 1287 ne-

131 1331 212 1370 que
230 1313 429 1359 instantia
443 1348 454 1367 ‚
474 1330 613 1370 neque
627 1313 771 1358 futura
784 1348 796 1368 ‚
819 1330 956 1369 neque
975 1312 1230 1367 fortitudo‚}

186 1423 426 1483 3915Neque
442 1422 639 1479 altitudo,
665 1439 801 1479 neque
822 1423 1104 1479 profundum,
1128 1438 1267 1478 neque
1283 1438 1394 1467 crea·

132 1505 225 1540 tura
255 1495 338 1540 alia
371 1501 524 1551 poterit
557 1511 636 1539 nos
668 1510 864 1550 separare
884 1497 907 1540 ὲ
931 1493 1134 1538 charitate
1164 1493 1275 1546 Dei,
1302 1510 1398 1550 quae

132 1576 194 1612 est
215 1565 258 1611 in
278 1566 443 1627 Christo
466 1566 569 1612 Jesu
588 1566 772 1612 Domino
793 1575 955 1611 nostro.
1026 1574 1028 1578 “
