1410 2554
191 77 271 134 39⁸
558 91 768 122 EPIS'I‘OLAE
797 93 855 123 Au
883 91 971 121 nom
979 91 1085 126 mos

191 148 394 190 sacrificare
409 178 420 198 ‚
442 157 706 202 mt‘tovpyneae
724 167 734 200 ;
754 151 991 206 eleemosyna
1019 154 1122 205 quasi
1133 151 1291 206 liturgia,
1309 169 1374 199 seu
1391 172 1407 198 s

195 212 389 259 crificium;
412 211 693 268 eleemosynarii
715 221 799 255 sunt
817 217 918 267 quasi
938 214 1090 255 sacrifici
1107 230 1116 254 :
1135 219 1268 257 revera
1281 217 1380 260 bona
1393 234 1410 261 s

194 269 284 312 Deo
300 271 498 313 offerentes
510 303 521 322 ‚
547 274 604 315 illa
621 277 723 328 quasi
738 275 956 316 sacrificant.

254 334 344 376 Hoc
382 337 602 378 sacrificium
635 341 725 380 tanti
768 338 855 380 secit
889 335 1098 391 Apostolus
1113 370 1125 390 ,
1154 342 1254 382 orbis
1282 347 1410 386 terram

194 395 343 438 Doctor
356 426 368 449 ,
382 405 421 438 ut
438 398 527 439 illud
540 402 641 454 quasi
655 397 896 453 Apostolatfis
909 402 966 440 sui
980 407 1119 452 partem
1134 403 1340 446 consideret
1353 419 1364 454 ς
1380 408 1410 448 ir

194 458 285 500 illud
305 465 359 499 tot
386 459 463 500 aliis
493 464 652 514 negotiis
679 468 718 503 et
747 463 842 503 curis
864 461 1030 515 praeferat
1047 492 1057 511 ‚
1092 465 1224 516 quibus
1251 479 1319 518 pro
1343 469 1410 508 salt

196 522 375 565 Gentium
397 533 475 567 erat
503 527 734 580 implicatum
765 527 936 582 praeferat
957 531 1067 570 etiam
1095 537 1132 571 et
1160 529 1410 575 vehementis

195 587 392 631 Romanos
413 592 569 633 videndi
590 594 789 637 desiderio.

253 646 375 693 Tanti
407 651 578 707 Apostoli
610 661 647 696 et
665 652 838 697 Doctoris
871 655 1046 710 exemplo
1077 657 1276 699 doceantur
1297 673 1410 702 omne

193 717 304 757 etiam
333 717 564 758 sublimiores
597 718 733 771 praelati
750 748 761 769 ,
783 718 857 759 hoc
886 732 1019 760 munus
1041 719 1164 761 multis
1193 720 1273 762 aliis
1304 728 1410 776 antep

194 792 286 820 nere
303 794 313 826 ;
334 778 587 833 eleemosynas
604 782 715 821 etiam
736 781 892 834 propriis
911 782 1079 821 manibus
1097 781 1326 823 distribuere.
1369 783 1379 797 ⁸

252 842 467 886 Secundum
483 875 495 897 ‚
513 847 611 901 quod
632 846 873 900 eleemosyna
889 847 936 886 sit
957 843 1094 887 Christi
1112 849 1332 900 pauperibus
1349 847 1410 889 del

197 913 234 949 ia
252 923 261 947 ε
281 915 359 949 tum
377 912 460 963 quia
475 911 701 951 orationibus
715 939 727 960 ,
745 915 826 950 tum
845 911 927 964 quia
946 910 1186 950 concionibus
1208 916 1246 951 et
1261 910 1340 952 aliis
1353 909 1410 952 furt

195 969 358 1010 tionibus
375 970 572 1022 spiritualia
589 971 785 1023 largiuntur
805 971 940 1023 populo
953 968 1181 1011 Christiano.

251 1031 304 1073 Et
325 1035 424 1074 bene
440 1041 543 1075 notat
558 1035 622 1075 hic
643 1033 695 1075 D.
714 1033 884 1075 Thomas
897 1042 932 1076 et
948 1041 1036 1088 post
1052 1038 1171 1089 ipsum
1182 1033 1310 1078 Estius
1325 1067 1337 1088 ‚
1362 1052 1409 1092 qu

197 1096 291 1135 sicut
308 1093 478 1136 Gentiles
497 1100 667 1138 conversi
687 1110 765 1138 non
781 1099 923 1137 tantum
944 1097 1032 1137 divo
1050 1095 1165 1138 Paulo
1180 1129 1189 1147 ‚
1205 1094 1364 1153 Sylaeet
1372 1096 1410 1139 B:

197 1159 306 1198 nabae
350 1161 672 1201 concionatoribus
716 1160 903 1200 debitores
945 1166 1072 1207 erant;
1111 1159 1177 1200 sed
1215 1168 1252 1202 et
1295 1163 1409 1203 societ

195 1228 407 1263 sanctorum
434 1236 655 1275 pauperum,
679 1226 700 1263 a
726 1222 858 1276 quibus
886 1221 936 1263 illi
970 1219 1142 1275 Apostoli
1173 1221 1315 1264 fuerant
1326 1225 1410 1265 miss

194 1284 248 1324 sic
266 1298 342 1324 non
362 1286 425 1325 uni
452 1289 593 1325 tantum
627 1292 687 1325 aut
713 1285 814 1325 alteri
843 1281 1094 1336 Evangelistae
1116 1285 1273 1326 debetur
1288 1288 1410 1340 apopt

192 1352 430 1396 sustentatim
450 1350 517 1390 sed
547 1356 584 1390 et
607 1349 776 1390 fratribus
794 1349 1000 1390 conventus
1014 1379 1026 1401 ,
1049 1363 1114 1391 seu
1135 1353 1410 1404 congregationi

194 1411 218 1450 a
241 1414 373 1465 quibus
392 1412 439 1452 illi
458 1413 716 1452 immittuntur.

248 1477 303 1530 Y.
331 1478 398 1519 28.
426 1479 512 1519 Hoc
542 1479 657 1530 igitur
678 1479 764 1518 ctam
795 1490 1128 1527 consummavero,
1154 1486 1191 1518 ct
1214 1480 1410 1532 assignant

191 1539 266 1582 Gr.
282 1548 319 1583 et
335 1540 423 1597 Syr.
452 1545 742 1595 consignavero;
771 1542 808 1581 id
837 1549 911 1591 est,
927 1542 1001 1582 hoc.
1023 1541 1207 1582 charitatis
1228 1555 1378 1583 munere
1395 1556 1410 1583 t

190 1600 403 1653 perfunctus
425 1598 551 1652 suero,
583 1602 754 1656 huncque
780 1602 1036 1643 beneticentiae
1066 1601 1245 1653 fructum,
1271 1616 1339 1643 seu
1353 1602 1410 1644 ele

187 1674 383 1715 mosynam
402 1664 634 1715 obsignatam
654 1665 787 1704 sanctis
809 1664 992 1704 tradidero
1009 1679 1017 1703 ε
1038 1679 1106 1716 per
1121 1678 1190 1704 vos
1208 1663 1410 1716 preficisca

187 1725 226 1765 id
246 1733 302 1767 est
322 1757 334 1776 ‚
356 1724 486 1767 Rome
505 1729 683 1768 transiens
698 1757 708 1775 ‚
733 1726 958 1779 proficiscar
972 1729 1011 1767 in
1034 1728 1282 1779 Hispaniam.

240 1787 304 1829 De
321 1788 393 1829 hoc
413 1791 541 1830 itinere
561 1796 598 1830 et
617 1791 768 1830 transitu
784 1791 948 1838 intento,
966 1789 1054 1829 vide
1071 1789 1167 1829 dicta
1184 1788 1237 1841 Y.
1256 1790 1325 1840 ²4·

240 1847 359 1893 Juxta
389 1854 548 1894 verbum
583 1851 756 1894 Graecum
783 1854 1112 1905 σφραγισάμενος,
1154 1855 1238 1894 cum
1267 1855 1410 1906 signatu

183 1918 448 1970 consignavero
466 1947 477 1967 ‚
500 1918 648 1959 videtur
671 1917 769 1971 quod
796 1915 846 1958 D.
873 1916 1006 1959 Paulus
1026 1917 1122 1958 hanc
1150 1919 1342 1970 pecuniam
1369 1930 1410 1959 nt

180 1982 286 2024 luerit
308 1986 377 2024 nisi
394 1984 623 2037 obsignatam
640 1983 735 2024 serre
750 2013 760 2033 ‚
777 1998 825 2024 ne
848 1986 928 2038 quis
949 1987 1192 2038 suspicaretur
1214 1998 1298 2025 eum
1314 1983 1408 2039 aliqu

179 2042 372 2097 usurpdsse
395 2043 479 2083 sibi.

237 2106 326 2149 Hoc
362 2106 534 2162 Apostoli
565 2109 741 2162 exemplo
777 2115 903 2152 caveat
931 2112 1053 2151 omnis
1076 2108 1210 2152 Christi
1242 2111 1410 2151 minister

180 2172 334 2211 minima
356 2172 563 2223 suspicione
583 2175 744 2213 avaritiae
763 2189 772 2213 ε
794 2173 989 2223 provideat
1010 2174 1106 2213 bona
1125 2186 1199 2213 non
1218 2174 1358 2212 tantum
1373 2166 1410 2212 d

181 2247 258 2274 ram
277 2230 361 2274 Deo
378 2265 389 2284 ‚
412 2234 478 2275 sed
500 2241 537 2275 et
553 2249 674 2276 coram
696 2236 922 2277 hominibus.

236 2291 422 2336 Fructum
443 2304 549 2337 vocat
568 2294 769 2351 Apostolus
788 2298 1064 2351 eleemosynam
1083 2313 1091 2337 :
1112 2299 1193 2351 quia
1207 2298 1310 2338 verbi
1327 2295 1362 2336 di
1409 2329 1410 2332 ,

177 2357 312 2400 fructus
330 2366 409 2408 est;
443 2362 586 2412 pietatis
612 2360 774 2402 fidelium
807 2359 942 2402 fructus
965 2367 1046 2408 cst;
1086 2360 1220 2401 fructus
1242 2364 1282 2400 et
1299 2372 1339 2399 or
1407 2380 1410 2387 ·
