1410 2554
85 12 146 53 55
420 38 421 41 =
441 19 670 60 >ms-rom
701 31 761 61 Αι)
786 10 1007 66 mensuum

89 78 262 136 gloriam
283 79 418 137 ipsius
441 103 450 127 :
470 83 574 140 quid
595 83 735 130 adhuc
752 95 794 130 et
810 103 889 145 ego
918 96 1119 144 tanquam
1157 97 1358 144 peccator

86 149 257 206 judicor
271 151 293 197 ἐ’
547 159 550 162 ’

143 224 183 265 8.
203 222 256 266 Et
274 240 362 268 non
381 225 524 277 (sicut
539 225 891 285 blasphemamur
905 264 917 285 ‚
940 239 981 275 et
999 228 1106 275 sicut
1124 229 1244 275 aiunt
1261 232 1357 287 qui-

87 293 186 337 dam
201 311 281 339 nos
296 293 458 349 dicere)
472 295 680 343 faciamu's
699 291 813 343 m'ala
828 309 875 344 ut
891 299 1065 344 veniant
1082 300 1195 346 bona
1208 320 1220 344 x
1243 319 1354 358 quo-

86 382 183 410 rum
199 365 417 411 damnatio
439 367 552 423 justa
569 377 645 418 est.

143 617 182 658 9.
202 599 318 655 Quid
336 605 468 658 ergo?
489 599 787 647 Praecellimus
806 606 910 647 eos?
927 604 1220 658 Nequaquam.
1239 607 1356 650 Cau-

92 669 174 715 sati
199 671 316 716 enim
342 689 490 719 sumus
519 673 691 719 Judaeos
717 683 758 718 et
779 676 948 719 Graecos
969 690 1119 719 omnes
1147 674 1220 720 sub
1249 693 1356 732 pec-

84 751 180 787 cato
197 759 286 788 csse
304 764 313 787 z

142 882 207 908 10.
236 862 353 907 Sicut
375 862 577 919 scriptum
596 872 658 909 est
678 882 689 907 z
709 862 830 922 Quia
853 879 943 909 non
974 872 1037 909 est
1067 870 1200 919 justus
1231 863 1355 919 quis·-

86 951 214 991 quam
236 955 247 978 ε
270 958 289 984 0
590 941 593 944 '
670 943 672 946 ’
1199 996 1202 999 ⁴

142 1022 204 1051 ιι.
237 1005 342 1051 Non
375 1015 437 1052 est
456 1005 720 1064 intelligens,
745 1023 834 1051 non
863 1014 926 1050 est
951 1012 1174 1061 requirens
1195 1005 1350 1049 Deum.

140 1133 202 1159 η.
219 1115 389 1161 Omnes
405 1115 723 1160 declinaverunt
739 1150 751 1170 ‚
775 1114 906 1160 simul
921 1114 1095 1159 inutiles
1111 1113 1211 1158 sacti
1225 1123 1324 1160 sunt
1338 1149 1352 1172 ‚

82 1201 172 1230 non
190 1195 253 1231 est
273 1185 344 1242 qui
359 1185 488 1231 faciat
504 1186 667 1231 bonum
683 1220 695 1241 ‚
711 1191 799 1232 'non
814 1195 876 1231 est
897 1201 1030 1241 usque
1046 1183 1101 1228 ad
1117 1201 1267 1230 unum.

140 1307 205 1349 13.
221 1304 475 1361 Sepulcrum
494 1314 642 1360 patens
658 1313 720 1349 est
738 1313 880 1363 guttur
897 1319 1044 1348 eorum
1060 1336 1070 1356 ‚
1094 1300 1248 1359 linguis
1266 1302 1351 1348 suis

77 1370 231 1421 'doiose
253 1376 433 1435 agebant
455 1396 467 1420 z
480 1379 714 1423 ‘Venenum
752 1375 951 1432 aspidum
981 1374 1063 1420 sub
1102 1373 1229 1419 labiis
1267 1390 1351 1419 eo-

87 1462 186 1490 rum
205 1464 218 1488 z
436 1440 442 1447 ⁴

141 1522 205 1572 ¹4-
227 1517 431 1578 Quorum
444 1534 491 1563 os
508 1517 807 1563 maledictione
828 1526 869 1561 ct
887 1514 1157 1561 amaritudine
1173 1515 1352 1573 plenum

81 1597 158 1634 est.

142 1663 207 1704 15.
245 1659 422 1705 Veloees
458 1661 591 1717 pedes
624 1677 774 1705 eorum
806 1659 860 1704 ad
897 1657 1204 1704 effundendum
1247 1674 1350 1705 san-

83 1728 258 1787 guinem
278 1750 287 1774 ι

144 1807 206 1847 16.
225 1802 433 1848 Contritio
446 1812 487 1848 et
502 1802 729 1848 infelicitas
745 1801 790 1846 in
808 1800 884 1847 viis
902 1818 1049 1846 eorum
1066 1834 1079 1856 ‚

143 1943 207 1982 ¹7·
221 1924 276 1970 Et
290 1924 403 1972 viam
419 1924 531 1981 pacis
548 1942 635 1970 non
651 1932 960 1982 cognoverunt:

144 2001 207 2042 18.
228 1996 330 2043 Non
351 2007 411 2042 est
431 1997 561 2043 timor
580 1996 658 2042 Dei
676 2006 773 2041 ante
793 1994 940 2041 oculos
963 2010 1130 2039 eorum.

145 2134 207 2174 ¹9·
227 2114 398 2160 Scimus
431 2125 574 2161 autem
594 2150 605 2170 ‚
628 2115 835 2172 quoniam
873 2127 1150 2170 quaecumque
1186 2108 1251 2154 lex
1280 2108 1351 2153 lo-
1393 2143 1410 2150 .„

87 2185 256 2243 quitur,
301 2184 367 2241 iis,
410 2185 483 2242 qui
536 2186 582 2231 in
612 2185 704 2244 lege
721 2195 846 2239 sunt,
880 2183 1068 2242 loquitur
1100 2203 1109 2227 ε
1141 2190 1188 2227 ut
1221 2195 1349 2226 omne
