1410 2554
338 60 519 106 rammi
539 72 779 103 exposrrro.
800 58 965 114 cop-V.
1076 48 1083 57 Χ
1218 78 1236 105 ι
1249 80 1263 106 ι
1275 75 1295 106 1.

89 137 270 192 Magnum
291 143 417 178 tamen
433 141 487 176 est
502 135 596 174 inter
612 129 754 174 Christi
771 134 922 185 gratiam
947 139 984 173 et
1001 129 1100 174 Adae
1123 141 1315 189 peccatum

35 203 250 249 discrimem
269 200 378 255 longe
398 201 498 255 plura
520 199 626 240 enim
642 198 740 238 bona
756 196 866 236 nobis
879 196 1020 238 confert
1031 200 1143 250 gratia
1155 196 1312 245 Christi,

43 267 154 318 quam
170 265 267 306 Adae
280 271 470 319 peccatum
484 263 626 304 invexit
637 259 742 305 mala;
758 258 942 312 siquidem
951 261 1065 300 vitam
1073 263 1212 300 tanturn
1223 261 1316 302 abs-

37 324 120 366 tulit
130 324 204 365 hoc
216 333 426 378 peccatum;
439 325 550 376 gratia
563 324 652 362 vero
667 318 818 369 Christi,
832 326 965 371 praeter
978 321 1092 360 vitam
1111 319 1310 374 redditam,

6 385 8 396 ’
36 391 151 431 multa
169 390 324 445 Spiritfls
352 387 480 432 Sancti
504 389 600 428 dona
622 385 764 427 confert
787 391 822 424 et
842 372 958 438 ipsam
986 376 1306 430 immorlalitatem.

100 453 170 495 Est
201 456 238 491 et
261 448 359 488 aliud
387 447 584 488 discrimen
598 477 610 499 ,
633 449 733 500 quod
751 462 816 502 per
836 445 974 488 Christi
988 449 1140 501 gratiam
1159 449 1179 486 a
1196 446 1310 502 pluri-

6 526 7 539 *
37 518 107 558 bus
124 515 319 553 liberemur
336 507 462 560 malis,
483 511 592 562 quam
611 521 691 560 quae
714 508 823 547 nobis
842 507 961 547 intulit
982 506 1078 548 Adae
1095 514 1283 562 peccatum
1299 526 1308 550 :

6 599 7 604 ¹
39 582 180 623 etenim
206 577 255 616 ob
282 573 381 616 Adae
411 582 600 629 peccatum
616 602 628 625 ‚
657 575 763 614 unius
787 576 929 614 tantum
953 573 1135 626 originalis
1165 576 1306 628 peccati

39 660 166 699 sumus
183 644 359 686 obnoxiiz
380 643 494 694 gratia
522 647 644 680 autem
662 636 799 679 Christi
818 652 894 678 non
909 639 955 678 ab
982 638 1144 690 originali
1165 642 1307 682 tantum

40 712 235 764 justificat,
265 706 332 748 sed
363 712 400 747 et
431 707 476 746 ab
517 705 690 747 omnibus
722 702 818 750 aliis;
850 706 974 759 sicque
1003 705 1121 755 major
1153 703 1306 747 effectus

42 768 178 811 Christi
198 771 334 822 gratiaev.

6 874 7 885 ,
98 833 150 875 Et
163 838 272 883 sane,
293 835 324 873 si
341 839 494 886 propter
528 833 634 872 unius
651 829 751 872 Adae
771 837 962 882 peccatum
975 860 984 878 ,
1010 844 1110 871 mors
1129 845 1195 885 per
1212 832 1311 874 illum

6 895 7 902 ¹
44 915 158 941 unum
179 906 434 953 peccatorem,
460 901 496 937 in
518 911 649 938 omnes
667 895 839 935 homines
862 898 1048 948 regnavit;
1076 897 1192 937 multo
1219 911 1313 938 ma·-

6 968 7 1010 ἷ
45 967 119 1016 jori
143 967 282 1005 ratione
308 965 353 1010 ii,
384 964 445 1015 qui
469 977 534 1015 per
556 962 670 1001 fidem
685 962 862 1013 recipiunt
883 959 1144 1002 abundantiam
1170 961 1310 1006 divinae

6 1054 7 1073 Ξ
45 1027 191 1078 gratiae,
209 1026 356 1075 justitiae
373 1031 410 1064 et
427 1026 593 1065 omnium
608 1022 932 1076 supernaturalium
952 1022 1132 1064 donorum
1146 1054 1157 1075 ,
1179 1039 1312 1077 regna·

4 1094 7 1127 1
44 1087 138 1126 bunt
160 1088 197 1125 in
224 1087 298 1125 vita
315 1091 473 1133 aeterna,
498 1098 563 1137 per
582 1087 688 1124 unius
709 1081 801 1123 Jesu
822 1078 963 1122 Christi
988 1086 1181 1136 meritum,
1211 1085 1311 1138 quod

6 1172 7 1177 =
45 1149 228 1189 inlinitum
248 1154 324 1197 est,
345 1154 383 1187 et
399 1160 550 1187 ornnem
567 1149 733 1187 omniurn
758 1151 990 1198 peccatorum
1005 1145 1177 1187 malitiam
1194 1161 1312 1200 supe-

50 1219 104 1252 rat
120 1212 308 1251 infinities.

4 1271 5 1274 ’
102 1269 201 1312 Sicut
230 1283 316 1324 ergo
352 1285 417 1325 per
434 1273 540 1311 unius
569 1267 665 1324 Adae
687 1275 878 1322 peccatum
897 1276 1016 1309 reatus
1049 1270 1094 1310 ad
1126 1272 1311 1314 condem-

4 1334 5 1339 ’
46 1339 234 1378 nationem
252 1339 287 1376 in
312 1350 442 1376 omnes
468 1335 640 1376 homines
653 1336 878 1387 pertransiit,
899 1337 951 1374 sic
968 1349 1035 1387 per
1047 1338 1153 1376 unius
1172 1335 1309 1382 Christi

0 1416 7 1466 i
50 1399 225 1450 justitiam
244 1400 451 1451 justificatio
474 1401 611 1439 transiit
632 1401 653 1438 a
674 1395 823 1437 Christo
845 1399 882 1436 in
902 1411 1032 1438 omnes
1049 1397 1223 1442 homines
1248 1403 1311 1455 qui

0 1469 1 1476 ¹
46 1465 201 1506 'credunt
218 1467 255 1504 in
277 1464 390 1505 illurn.
578 1499 580 1502 ,

0 1525 1 1529 ’
105 1527 205 1570 Nam
224 1531 314 1570 sicut
334 1544 400 1582 per
427 1532 533 1570 unius
545 1526 642 1570 Adae
666 1528 956 1569 inobedientiam
989 1529 1091 1571 multi
1119 1530 1203 1572 sacti
1225 1539 1311 1574 sunt

5 1597 23 1603 “
49 1600 282 1647 peccatores,
303 1594 355 1632 sic
370 1599 405 1633 et
422 1589 756 1646 peruniusffChristi
780 1591 1029 1632 obedientiam
1053 1592 1156 1632 multi
1174 1593 1309 1635 abhinc

0 1707 1 1715 ἵ
48 1670 164 1710 usque
181 1656 226 1696 ad
246 1655 359 1694 finem
378 1655 503 1695 mundi
525 1656 788 1694 constituentur
799 1655 899 1705 justi.

46 1740 189 1786 f'Lex
219 1742 390 1797 equidem
428 1745 522 1782 inter
554 1741 627 1782 hoc
654 1749 857 1794 peccatum,
885 1744 1050 1782 omnium
1074 1750 1308 1795 peccatorum

52 1808 258 1855 exordium,
275 1813 310 1846 et
322 1807 416 1845 inter
429 1804 523 1844 hanc
534 1805 798 1852 obedientiam,
813 1804 1005 1845 exordium
1020 1818 1130 1846 novae
1145 1808 1306 1859 justitiae,

53 1873 155 1925 quasi
184 1869 230 1909 de
254 1875 462 1908 transverso
484 1869 706 1913 intervenit;
730 1874 764 1907 at
784 1871 924 1907 tanturn
940 1868 1044 1907 abest
1061 1875 1099 1908 ut
1119 1876 1308 1922 peccatum

52 1934 252 1975 aboleverit
265 1946 274 1975 z
288 1934 362 1971 imo
372 1944 436 1982 per
447 1943 526 1969 eam
539 1928 672 1970 sactum
687 1936 756 1976 est,
771 1929 850 1969 licet
870 1943 933 1980 per
945 1929 1130 1980 accidens,
1142 1938 1178 1971 ut
1191 1935 1306 1985 magis

0 1997 1 2004 ’
54 1999 161 2050 quarn
184 2000 265 2035 ante
281 1991 470 2034 abundarit
489 1991 680 2032 delictum:
698 1992 761 2031 ubi
779 1999 898 2032 autern
918 1993 1110 2032 occasione
1130 1992 1219 2045 legis
1240 1995 1307 2034 in-

6 2073 7 2076 *
51 2057 163 2098 valuit
184 2062 394 2110 peccatum,
418 2068 482 2107 per
509 2053 707 2095 adventum
731 2051 867 2094 Christi
891 2054 1160 2107 superabundat
1177 2059 1310 2108 gratim

110 2115 162 2157 Ut
178 2119 270 2159 sicut
286 2131 405 2170 usque
426 2118 470 2157 ad
483 2119 520 2159 id
536 2125 680 2170 tempus
696 2146 707 2167 ‚
725 2130 790 2168 per
806 2119 1018 2157 universum
1038 2118 1168 2157 orbern
1180 2147 1190 2167 ,
1216 2133 1308 2172 reg-

5 2192 7 2216 ι
46 2179 157 2218 ‘navit
178 2185 361 2232 peccatum
373 2209 384 2228 ‚
402 2186 612 2232 peccatores
630 2182 668 2220 in
687 2185 846 2219 mortem
865 2178 1103 2233 pertrahens;
1129 2182 1176 2220 ita
1192 2183 1306 2232 gratia

0 2247 8 2276 i*
56 2236 210 2288 Christi,
225 2241 405 2282 destructo
419 2244 555 2296 peccati
573 2256 703 2294 regno,
722 2249 849 2293 regnet
869 2255 933 2294 per
954 2243 1146 2293 justitiam,
1166 2256 1247 2295 quae
1266 2245 1308 2284 in

54 2303 170 2344 vitam
179 2301 286 2343 ducat
300 2308 468 2346 aeternam
481 2333 494 2357 ,
512 2318 577 2358 per
588 2302 678 2346 Jesu
693 2302 829 2345 Christi
847 2299 1011 2346 Domini
1029 2306 1144 2346 nostri
1163 2306 1303 2346 merita.
