1410 2554
123 55 208 100 328
478 42 694 98 Emsrom'
717 68 773 98 Ar>
801 43 1004 101 marmot

179 124 285 167 Hinc
301 122 417 166 Eccli.
434 124 502 167 35.
521 123 575 175 Y.
595 142 611 166 1
623 140 658 166 Ι.
680 126 853 168 [tt-omni
864 117 1209 184 dato'hilarem'fiac
1230 133 1376 174 vultum
1402 140 1405 157 '

124 198 244 230 tuum.
259 187 357 230 Haec
378 196 500 230 autem
519 189 676 229 hilaritas
691 192 729 230 in
747 194 861 232 tribus
878 195 1041 234 consistit
1060 211 1068 234 :
1089 197 1126 235 in
1143 199 1256 237 animi
1279 197 1378 237 laeti-

124 255 173 293 tIa
186 283 199 304 ,
217 254 257 293 in
272 250 390 292 vultus
403 251 602 302 hilaritate,
619 253 658 292 in
675 254 874 294 verborum
893 255 1113 297 affabilitate.

181 310 237 364 ff.
273 329 312 368 9.
348 314 506 352 Dilectio
539 315 618 353 sine
647 315 923 359 simulatione...
953 316 1103 359 Transit
1131 316 1340 373 Apostolus
1357 325 1379 363 a

125 372 403 414 charismatibus
423 366 688 414 Ecclesiasticis
704 374 750 414 ad
766 375 852 416 laica
869 407 880 428 ,
898 391 963 418 seu
981 375 1196 420 Christianis
1207 382 1381 422 omnibus
1406 375 1410 427 ἶ

128 437 338 476 communia
358 450 368 474 ι
401 434 538 488 hicque
578 436 727 478 fidelem
758 439 964 481 considerat
1001 456 1066 495 per
1093 451 1302 498 respectum
1333 443 1382 484 ad
1408 430 1410 434 Ι

127 501 357 554 proximum,
377 512 488 551 quem
503 499 615 540 dehet
635 501 796 554 diligere.

183 555 353 601 Dilectio
361 562 408 600 sit
421 575 525 610 vera,
540 563 680 602 sincera
695 592 707 613 ‚
723 566 803 604 sine
822 565 1010 607 fictione...
1026 564 1093 607 Gr.
1104 568 1379 620 ἀναπόκριτος,

128 635 207 663 non
228 620 473 676 hypocritica,
499 636 576 661 non
596 626 739 663 tantum
758 627 796 664 in
820 627 936 665 verbo
952 657 962 676 ,
982 634 1042 668 aut
1066 630 1106 668 in
1121 631 1297 670 exteriori
1313 643 1384 684 ap-

128 686 311 738 parentiaz
335 683 401 724 sed
417 686 455 725 in
473 698 561 725 vero
574 686 693 726 cordis
706 686 852 738 affectu,
867 695 902 729 et
915 692 1034 742 operis
1050 691 1208 732 efficacia
1224 709 1233 740 ;
1256 694 1385 745 primae

130 742 246 788 Joan.
263 760 296 786 c.
313 744 352 785 3.
375 745 439 786 ι8.

190 807 364 847 Odienles
383 808 528 846 malum
539 835 553 855 ‚
586 813 655 848 etc.
677 810 724 848 sit
756 823 866 861 pura:
885 813 938 851 sic
965 826 1128 853 amemus
1144 817 1356 866 proximum
1372 844 1383 864 ‚

127 875 167 910 ut
180 869 259 919 ejus
276 867 440 908 odiamus
454 870 539 908 vitia
553 899 565 918 ,
582 871 734 910 virtutes
751 874 839 909 vero
853 871 1056 923 diligamus.
1071 870 1126 912 Ita
1140 871 1189 912 D.
1206 872 1391 916 Thomas.
1408 893 1410 901 ¹

185 928 270 971 Nisi
289 930 390 970 malis
408 927 632 981 Apostolum
651 930 713 970 hic
725 932 894 982 generale
919 931 1210 973 Christianorum
1223 935 1390 974 omnium

129 993 291 1034 officium
308 998 480 1041 statuere,
495 991 594 1045 quod
613 998 688 1042 est,
703 999 742 1032 ut
758 993 978 1035 abhorreant
996 999 1016 1034 a
1034 997 1128 1036 malo
1143 1026 1156 1048 ,
1175 997 1390 1037 adhaereant

84 1107 88 1113 Ὺ
128 1059 246 1097 bono.

185 1114 232 1161 fi.
252 1134 313 1160 10.
326 1116 521 1158 charitate
527 1117 802 1170 fraternitatis„
819 1118 1059 1172 Φιλαδέλφιά,
1075 1123 1112 1162 id
1130 1129 1198 1171 est,
1217 1121 1392 1163 charitate

129 1183 287 1226 fraterna
306 1197 373 1224 vos
386 1190 505 1223 amate
520 1213 530 1233 ,
549 1190 588 1223 ut
607 1183 772 1233 ejusdem
799 1182 916 1224 Patris
933 1186 1088 1226 coelestis
1117 1187 1233 1236 filios,
1254 1186 1410 1225 honore*

132 1251 285 1289 invicem
297 1249 583 1299 proeoem'entes,·
602 1247 639 1287 id
657 1255 727 1294 est,
752 1248 895 1289 studete
908 1257 968 1298 ‚ut
989 1265 1055 1290 vos
1074 1253 1232 1291 invicem
1249 1250 1391 1291 honore

131 1310 361 1362 praeveniatis
380 1323 388 1343 :
407 1309 584 1359 praevenit
605 1314 726 1347 autern
742 1337 755 1355 ‚
774 1311 833 1361 qui
853 1312 988 1362 primus
1004 1310 1175 1352 honorat.

188 1368 230 1412 ln
248 1371 305 1411 his
326 1371 469 1410 duobus
488 1372 656 1411 versibus
676 1377 748 1410 tres
766 1371 969 1413 indicantur
991 1374 1222 1415 conditiones
1238 1374 1391 1415 affectus

134 1435 293 1482 interni,
313 1445 423 1485 quem
441 1433 611 1484 proximo
627 1432 829 1472 debemus:
844 1435 985 1475 sincere
1003 1434 1103 1473 illum
1120 1435 1289 1487 diligere,
1303 1438 1393 1487 pure

136 1494 288 1545 diligere
304 1523 314 1542 ,
341 1494 492 1532 interius
511 1491 706 1534 honorare.
1245 1508 1250 1512 ·
1332 1546 1337 1547 ⁷

191 1555 374 1609 Hancque
412 1558 655 1595 reverentiam
683 1563 720 1596 et
747 1556 982 1598 dilectionem
1010 1561 1122 1611 signis
1156 1567 1192 1600 et
1221 1560 1396 1612 operibus

137 1618 339 1660 exhibere:
358 1621 404 1658 sit
425 1620 586 1658 sincerus
601 1648 612 1667 ,
632 1633 740 1671 purus
755 1649 766 1668 ,
785 1619 959 1660 honestus
979 1629 1014 1660 et
1038 1621 1195 1661 humilis.

190 1682 293 1725 Talis
325 1689 446 1722 autem
471 1684 539 1721 crit
553 1710 565 1731 ,
589 1685 619 1722 si
650 1679 895 1723 Christianum
925 1685 1196 1724 consideremus
1215 1690 1254 1723 ut
1283 1684 1397 1724 filiurn

136 1745 244 1797 Dei,
265 1746 410 1788 fratrem
436 1753 626 1797 nostrum,
646 1749 855 1788 membrum
873 1746 964 1788 Jesu
981 1747 1135 1800 Clu-isti,
1162 1755 1399 1803 nostrumque

139 1808 445 1849 commembrum.
1316 1857 1324 1864 .

162 1918 174 1923 ,
195 1868 241 1917 fi.
275 1888 336 1914 11.
358 1874 614 1913 Sollicitudine
646 1889 719 1912 non
745 1875 885 1925 pigri...
909 1873 990 1929 Syr.
1011 1881 1129 1915 estote
1152 1866 1344 1928 diligentes
1362 1886 1401 1920 et

141 1954 218 1981 non
234 1941 342 1992 pigri,
356 1947 429 1980 etc.
441 1938 492 1980 D.
513 1936 803 1994 Chrysostomus
815 1968 826 1988 ‚
846 1940 966 1981 studio
984 1955 1059 1981 non
1077 1944 1180 1994 pigri.

197 2002 321 2046 Docet
336 2001 537 2058 Apostolus
552 2004 674 2057 quales
689 2007 724 2044 in
742 2006 848 2044 nobis
870 2008 958 2058 ipsis
980 2020 1060 2046 esse
1077 2007 1276 2047 debeamus
1289 2034 1300 2053 ,
1318 2006 1398 2046 sci-

142 2067 228 2119 licet
248 2066 382 2108 alacres
415 2074 450 2108 et
472 2068 630 2120 prompti
663 2069 697 2106 in
718 2066 860 2118 ostiolo,
879 2069 1014 2121 spiritu
1018 2066 1228 2119 ferventes,
1263 2067 1301 2106 id
1320 2073 1402 2114 est,

144 2124 283 2179 Spiritu
307 2133 452 2174 sancto,
473 2128 573 2179 quasi
600 2129 683 2178 igne
713 2131 893 2169 succensi.
925 2129 1091 2167 Domino
1122 2129 1337 2175 see-aientes,
1364 2126 1404 2168 id

143 2194 199 2228 cst
212 2215 225 2238 ,
248 2184 347 2237 Deo,
369 2185 466 2239 Regi
485 2200 611 2238 regum
630 2194 664 2227 ct
689 2185 853 2227 Domino
871 2187 1154 2238 dominantium,
1173 2189 1402 2233 serviente83

146 2248 247 2299 cujus
267 2248 423 2287 servitus
444 2254 589 2299 praestat
607 2248 799 2289 hominum
821 2251 993 2302 imperiis.

202 2309 267 2354 Ad
278 2309 495 2355 alacritatem
514 2317 548 2353 et
567 2311 750 2354 servorem
771 2315 809 2352 in
827 2314 932 2353 nobis
952 2311 1195 2362 excitandam,
1217 2310 1291 2353 vult
1309 2307 1404 2363 Apo·
