1410 2554
331 45 510 78 nrum
536 42 777 75 zxrosmo.
808 29 904 84 cop.
931 30 1018 72 ΙΙΙ.
1244 29 1297 83 εὶ
1341 19 1346 25 '

3 93 5 133 Ῐ
37 112 129 151 ratio
154 105 331 163 gloriandi
348 106 366 147 ?
399 102 561 147 Exclusa
601 109 670 144 est.
705 100 782 143 Per
813 115 923 156 quam
953 100 1103 154 legem?
1137 97 1203 142 An
1234 115 1307 156 per—

36 163 220 221 veterem‚
237 182 304 209 seu
321 165 540 220 Mammam,
563 179 650 220 quae
665 165 831 206 facienda
848 161 1109 204 ‹loceat?Non
1124 178 1135 203 ε
1150 163 1218 204 sed
1235 178 1302 218 per

2 256 3 270 1
33 232 155 288 legem
172 246 311 274 novam
326 262 338 283 ‚
359 244 442 285 quae
462 230 523 271 dat
539 232 712 270 virtutem
732 235 772 269 ut
788 227 976 268 faciamus.

89 296 152 340 Ex
169 298 275 339 dictis
296 298 398 337 enim
436 295 638 347 colligimus
660 292 860 346 quemlibet
890 291 1103 342 hominem,
1122 293 1202 332 sive
1225 288 1306 332 Ju-

40 364 183 413 daeum,
203 364 285 402 sive
305 359 493 402 Gentilem
507 388 518 409 ‚
540 358 726 410 justificari
753 371 820 412 per
840 356 952 397 fidem
970 358 1008 396 in
1026 353 1157 398 Jesum
1174 353 1305 397 Chris-

41 433 120 467 tum
135 455 148 476 ‚
172 425 313 465 etiamsi
329 423 417 475 {egis
431 420 608 462 Mosaicae
630 422 837 474 praescripta
871 434 947 471 nou
963 426 1100 460 servet.

98 485 163 530 An
195 485 298 527 Deus
322 483 541 525 Judaeorum
565 487 707 523 tantum
737 488 793 523 es't
813 481 950 524 Deus?
974 479 1115 523 Nonne
1138 480 1239 522 idem
1266 487 1306 522 ct

41 544 367 603 aeqchentilium
388 544 495 587 Deus
513 545 600 587 est?
618 542 673 586 Ita
689 547 776 586 sanc
794 559 804 584 ε
823 541 1026 585 Gentilium
1041 548 1147 598 aequc
1161 552 1209 584 ‘ac
1229 539 1306 584 Ju-

42 613 205 654 daeorum
221 609 326 652 Deus
345 617 414 652 est.

101 672 200 726 Quia
214 678 302 726 erge>
315 687 408 714 unus
423 675 589 714 omnium
606 678 662 713 est
679 670 783 712 Deus
798 701 808 721 ‚
833 671 987 723 dignum
1000 676 1039 711 nt
1053 683 1148 711 unus
1165 671 1212 710 sit
1223 683 1305 711 om·

46 739 155 779 nibus
169 744 207 778 et
219 739 440 778 circumcisis
453 744 491 778 et
503 738 763 777 incircumcisis
783 735 1047 786 justificationis
1064 733 1200 774 modus
1210 748 1222 780 ;
1233 734 1308 774 sci·

2 838 5 840 ,
45 801 129 842 licet
141 830 153 851 ‚
177 815 241 854 per
258 801 373 841 fidem
389 803 428 842 in
445 796 579 841 Jesum
597 796 789 840 Christum
803 829 814 849 ‚
837 801 1003 840 omnium
1021 795 1264 839 salvatorem.

102 863 186 906 Nec
204 865 302 906 dicat
319 863 474 907 Judaeus
494 865 593 918 quud
605 863 676 904 hae
693 864 740 904 de
758 865 834 904 fide
854 864 1021 904 doctrina
1034 863 1153 915 legem
1167 860 1311 902 Mosai-

46 942 128 970 cam
140 929 286 970 destruo
302 946 311 970 :
333 932 410 970 imo
426 930 546 983 legem
564 927 732 974 stabitio;
753 930 830 979 ipsa
853 930 954 967 enim
973 923 1162 966 Christum
1179 931 1214 965 et
1235 918 1311 976 jus-

43 991 159 1031 titiam
176 991 254 1039 ejus
275 990 465 1043 figuravit,
489 990 681 1044 praedixit,
700 996 736 1030 et
758 992 949 1043 promisit;
974 991 1108 1040 justitia
1136 991 1224 1041 ergb
1242 1000 1310 1040 per

42 1051 158 1093 fidem
177 1047 321 1091 Christi
345 1052 465 1107 legem
480 1053 640 1106 stabilit,
661 1054 761 1105 cujus
786 1055 942 1105 veritas,
963 1052 1116 1094 cssectus
1135 1058 1172 1094 et
1200 1065 1310 1093 com-

46 1115 277 1169 plementum
289 1120 358 1156 est.
