1410 2554
117 62 200 116 248
475 77 684 111 urs-roms
712 78 768 107 An
797 77 1001 108 Romanos

103 134 242 181 ⁸divina
257 135 406 178 tandem
434 133 577 190 iustitia
589 151 693 179 suam
710 139 750 177 in
773 135 874 176 illum
898 144 1049 178 exercet
1065 135 1256 191 potentem
1279 143 1373 183 vin-

103 195 251 242 dictam
267 212 276 243 ;
296 204 527 249 peccatorem
545 210 636 251 ergo
652 196 871 238 obduratum
889 199 994 248 punit
1018 193 1123 249 juxta
1138 201 1262 242 cordis
1280 202 1373 244 illius

115 254 310 306 duritiam,
346 258 383 297 id
414 265 498 307 est,
533 262 579 299 εὸ
609 260 800 308 severius,
828 261 900 311 quo
925 258 1059 299 diutius
1089 267 1127 301 et
1156 263 1373 306 obstinatius

116 314 253 356 divinae
271 317 489 370 benignitati
506 320 651 360 restitit
667 313 774 358 Vide
789 331 869 372 cap.
889 334 925 359 2.
944 311 989 360 ³⁵.
1005 320 1044 360 5.

169 377 303 420 Tertio
338 388 378 421 ut
407 382 609 436 aliquorum
656 381 915 423 obduratorum
958 386 1172 437 punitione,
1212 386 1374 441 plurimis

114 439 192 480 aliis
213 443 468 492 peccatoribus
491 450 632 483 metum
660 442 852 483 salutarem
869 443 1074 492 incutiens,
1088 459 1152 486 eos
1180 454 1374 490 convertat

115 505 154 539 et
172 500 386 543 sanctificer.
402 499 590 552 Quoniam
610 502 863 543 misericor-dna
880 505 1137 553 superexaltat
1153 505 1368 556 judae-ium.-

112 575 154 600 m
167 574 245 612 ipsa
262 563 453 614 punitione
472 562 588 604 elucet
613 560 686 603 Dei
709 562 986 602 misericordia·
1010 578 1044 603 ι.
1064 568 1178 617 “quia
1194 573 1371 619 peccato-

111 636 215 672 rem,
251 623 514 678 quantumlibet
541 624 740 673 rebellem,
761 626 846 664 citra
874 625 1124 678 condignum,
1153 630 1262 668 etiam
1289 637 1374 701 post

112 683 260 737 longam
289 687 523 736 patientiam,
557 687 685 738 punit3
710 699 747 725 2.
760 687 881 736 ‘’quia
910 688 961 725 sic
979 689 1106 740 punit,
1133 702 1309 742 suamque
1333 691 1374 730 in

116 757 202 784 eum
218 744 425 785 manifestat
444 744 643 784 vindictam
659 774 670 794 ,
687 751 726 784 ut
745 751 779 784 et
808 745 897 785 hinc
925 747 1056 796 inaliis
1072 762 1174 788 suam
1203 749 1374 790 ostendat

111 805 405 846 misericordiam
434 819 527 858 qnos
543 804 652 856 hujus
673 807 874 858 punitionis
894 813 995 846 metu
1014 810 1192 848 convertit
1209 811 1229 847 a
1244 811 1342 849 vitiis
1357 839 1371 860 ‚

113 865 336 916 sanctificat,
367 864 530 919 facitque
563 878 649 904 vasa
676 863 960 912 misericordiae3
992 871 1032 905 ut
1065 868 1103 906 in
1131 860 1178 908 57.
1205 869 1374 921 sequenti

113 923 261 964 dicitur.

168 983 224 1035 7.
243 984 310 1025 23.
328 985 381 1024 Ul
395 985 597 1023 ostenderet
615 984 763 1024 (Ιίυίίίας
782 984 913 1036 gloria:
926 989 1059 1026 sum...
1087 984 1125 1024 id
1144 992 1198 1026 est
1214 1013 1228 1036 ,
1248 986 1374 1027 abun-⁵

113 1045 275 1093 damiam
294 1047 468 1087 bonitatis
490 1059 580 1086 suae.
599 1044 683 1099 Syr.
699 1048 952 1086 miserationes
969 1061 1063 1087 suas.
1075 1044 1246 1099 Bonitas,
1259 1048 1374 1101 gloria

110 1106 189 1150 Dei
206 1122 216 1148 z
233 1108 282 1148 ob
301 1121 381 1147 eam
406 1109 505 1148 enim
527 1105 651 1147 Sancti
670 1105 793 1147 Deum
809 1106 1026 1158 glorificant.

168 1163 219 1202 In
245 1175 344 1204 vasa
376 1163 658 1209 misericordia,
691 1163 729 1202 in
757 1167 920 1211 sanctos,
947 1161 1184 1212 justificatos,
1215 1169 1253 1204 et
1282 1166 1373 1205 vere

114 1223 261 1264 fideles.

174 1286 271 1339 Quoe
281 1288 509 1338 proepamoit
525 1286 563 1324 in
578 1285 738 1336 gloriam
756 1298 768 1319 .-
787 1284 850 1324 hlc
865 1286 1099 1337 incipientem
1115 1298 1181 1338 per
1197 1286 1372 1337 gratiam;

110 1351 153 1390 ‘in
183 1348 277 1388 coelo
309 1346 570 1401 perficiendam
595 1360 662 1399 per
689 1347 952 1386 beatitudinem
978 1360 986 1385 :
1005 1350 1218 1399 praeparavit
1248 1353 1375 1387 ‘autem

115 1410 286 1452 vocando
301 1424 365 1451 eos
378 1439 389 1459 ‚
410 1416 450 1450 ut
466 1408 622 1463 explicat
638 1411 676 1449 in
694 1409 955 1460 sequentibus,
982 1414 1020 1449 et
1037 1409 1151 1449 fidem
1168 1408 1303 1450 dando.

443 1536 787 1565 oBsERVA'rlo
819 1535 1054 1565 MORALIS

580 1642 620 1680 r'n
636 1638 697 1693 Y.
720 1656 770 1682 22
801 1647 838 1679 et
857 1638 923 1681 23.

176 1748 274 1792 Cum
315 1749 426 1791 multa
465 1752 636 1804 patientia
676 1748 781 1792 Deus
817 1756 1028 1803 peccatores
1066 1751 1234 1791 sustinet.
1270 1747 1380 1791 Deus

118 1831 207 1870 ergo
228 1817 469 1870 improbitatis
485 1815 677 1857 bominum
697 1830 772 1856 non
788 1823 842 1856 est
857 1822 981 1856 auctor
998 1831 1008 1855 z
1030 1816 1097 1858 sed
1115 1818 1198 1857 cum
1218 1818 1266 1857 sit
1282 1815 1378 1857 infi-

55 1895 58 1899 ·
120 1885 199 1924 nite
222 1883 342 1923 bonus
363 1888 399 1923 et
421 1884 585 1935 sapiens,
605 1888 642 1922 ut
667 1882 787 1921 bonus
812 1884 986 1934 permittit
1011 1890 1047 1923 et
1069 1882 1194 1923 tolerat
1215 1881 1374 1931 malum;

121 1949 161 1984 ut
178 1945 323 1996 sapiens
338 1972 349 1993 ‚
366 1956 413 1983 ex
433 1943 527 1983 mato
545 1942 855 1984 medi‹-amentum
873 1943 1017 1982 conficit
1036 1948 1160 1982 contra
1175 1940 1322 1983 malum.

173 2005 277 2048 Sicut
302 2007 436 2047 medici
474 2021 547 2046 non
571 2014 692 2047 creant
714 2010 882 2060 viperas,
917 2009 965 2047 ait
984 2004 1270 2055 Tlaeodoretus,
1308 2005 1376 2047 sed

121 2084 172 2113 ex
204 2072 256 2111 eis
274 2070 582 2110 medicamentum
611 2069 823 2110 hominibus
852 2069 939 2110 utile
958 2069 1151 2110 conficiunt
1171 2082 1181 2115 ς
1204 2069 1252 2108 ita
1274 2066 1378 2109 Deus

119 2133 236 2174 malos
254 2145 331 2172 non
358 2131 440 2172 sarit
461 2131 551 2172 :sed
584 2139 776 2184 postquam
807 2130 995 2184 improbos
1017 2129 1076 2169 diu
1099 2128 1270 2170 toleravit
1286 2157 1298 2177 ‚
1329 2142 1378 2170 ex

120 2207 251 2236 eorum
282 2194 517 2246 improbitate
555 2193 864 2234 medicamentum
903 2193 1048 2234 conficit
1081 2207 1090 2230 :
1125 2191 1201 2231 illos
1242 2193 1378 2246 quippe

120 2259 247 2311 punit,
269 2255 485 2311 illorumque
506 2258 697 2309 punitione
727 2255 815 2296 alios
834 2262 1046 2311 peccatores
1079 2261 1190 2295 terret
1219 2261 1256 2295 et
1287 2262 1399 2296 con·'

118 2322 259 2372 vertit,
279 2324 314 2360 et
331 2333 435 2361 suam
457 2318 746 2361 misericordiam
769 2319 806 2359 in
820 2316 975 2358 Sanctus
993 2316 1213 2358 manifestat.
