1410 2554
112 43 138 94 4
148 57 194 83 12
464 56 674 87 ems-rom
701 57 758 87 Au
784 57 984 94 nummos

114 114 213 169 quod
229 129 298 166 ego
326 114 490 167 praedieo
505 115 553 156 de
571 113 665 156 Jesu
682 113 854 165 Christ03
885 123 923 158 et
941 115 1138 159 conformis
1157 123 1212 159 est
1233 115 1369 172 Syrus,

111 184 151 219 ut
167 177 352 222 videbitur
367 177 471 218 infra.

164 240 377 279 Secundz'tm
395 241 664 281 revelationem.
682 238 765 295 Syr.
786 254 852 294 per
867 241 1131 284 revelationem
1143 272 1155 292 ‚
1178 257 1244 285 seu
1256 250 1297 284 ut
1308 257 1372 286 te·

108 300 252 342 veletur
283 315 473 351 arcanum,
493 304 665 344 omnibus
694 307 882 346 retroactis
916 306 1055 347 saeculis
1089 307 1368 360 absconditum,

109 365 247 407 scilicet
265 381 437 419 magnum
457 370 671 420 mysterium
683 366 953 411 Incarnationis
974 367 1058 410 Filii
1077 368 1164 411 Dei.

171 432 415 484 Temporibus
450 434 608 474 aeternz's.
635 427 684 474 Id
715 440 789 481 est,
825 435 863 474 in
895 439 970 474 tota
988 436 1162 489 temporis
1175 437 1372 477 universi-

111 502 209 545 tate,
248 511 313 538 seu
342 498 446 538 omni
474 503 654 539 retroacto
688 503 876 551 tempore.
901 499 1002 549 cujus
1023 500 1165 539 initium
1188 505 1243 540 est
1263 497 1371 547 valde

110 565 308 601 remotum.

165 619 211 666 fi.
228 623 291 666 26.
317 622 432 677 Quod
442 639 541 664 nunc
553 623 785 676 patefactum
804 632 871 665 est.
888 623 933 665 Id
949 631 1002 666 est
1014 655 1024 668 ,
1045 625 1118 665 hoc
1135 632 1254 667 autem
1269 631 1370 668 tem-

110 703 201 742 pore
220 689 342 742 gratiae
362 685 631 727 manifestatum
646 701 714 739 per·
737 682 954 737 Scripturas
977 686 1275 739 Prophetarum,
1290 689 1371 728 sci-

107 751 194 793 licet
214 751 400 803 expositas
423 755 459 789 et
491 748 685 802 explicatas
708 762 772 802 per
799 743 1019 799 Apostolos;
1043 749 1173 799 quibus
1202 746 1371 791 Christus

110 813 258 866 aperuit
277 827 441 858 sensum,
457 818 498 849 ut
516 811 758 860 intelligerent
775 807 1011 860 Scripturas,
1035 810 1085 848 ait
1099 805 1150 849 D.
1169 806 1287 849 Lucas
1302 809 1371 860 24,

111 875 313 930 Prophetae
329 876 575 928 praedixerunt
600 873 756 914 suturam
771 869 890 915 Verbi
913 873 1027 912 divini
1054 870 1366 921 heumannum,

110 937 283 991 Apostoli
303 936 432 977 saetam
454 950 534 977 esse
565 935 855 988 praedicaverunt
869 965 877 981 ,
900 940 936 975 et
956 933 1166 986 prophetias
1192 933 1374 987 adimple-

112 1006 167 1040 tas
199 1012 306 1047 esse,
326 997 404 1050 ipszi
419 996 594 1038 sactorum
612 995 844 1036 exhibitione
855 994 1154 1046 manifestarunt,
1171 1009 1236 1036 sen
1256 1009 1372 1040 even·

114 1063 210 1103 tibus
227 1060 273 1102 ad
289 1061 457 1101 vaticinia
478 1058 801 1111 respondentibus.

168 1126 379 1166 Secundum
405 1131 635 1179 proeceptum
664 1124 800 1162 oeterni
822 1119 913 1169 Dei,·
931 1121 969 1162 id
990 1127 1066 1172 est,
1088 1123 1189 1174 juxta
1208 1121 1372 1163 manda-

114 1195 205 1228 tum.
226 1184 292 1228 Gr.
309 1187 356 1227 ad
374 1187 666 1236 ordinationem,
685 1198 751 1226 seu
782 1183 1050 1236 delegationem
1067 1185 1113 1229 ab
1128 1190 1268 1226 aeterno
1284 1182 1374 1227 Deo

114 1248 203 1300 ipsis
226 1245 419 1300 Apostolis
437 1247 581 1288 saetam.

173 1308 241 1348 Ad
266 1309 512 1347 obeditionem
519 1307 655 1359 fidet
640 1322 678 1346 ιη
704 1307 847 1346 cunctis
871 1306 1041 1356 gentibus
1061 1307 1210 1357 cogni'tc.
1230 1303 1276 1348 ld
1294 1311 1371 1358 est,

120 1375 282 1422 cunctis,
311 1374 482 1425 inquam,
503 1372 675 1425 gentibus
697 1369 986 1418 manifestatum,
1007 1378 1047 1412 ut
1077 1371 1250 1412 obediant
1265 1369 1374 1419 fidei,

120 1450 183 1476 seu
198 1442 236 1476 ut
255 1449 384 1475 omnes
401 1441 528 1486 gentes
539 1433 623 1473 illud
641 1430 884 1485 Evangelium
903 1432 1064 1482 audiant,
1077 1431 1150 1472 fide
1163 1434 1376 1486 suscipiant,

119 1500 241 1554 illique
262 1501 423 1539 moribus
438 1498 625 1539 obediant.

178 1560 233 1612 y.
251 1575 316 1614 27.
336 1558 421 1600 Soli
446 1560 612 1612 sapienti
630 1559 753 1598 Deo...
775 1554 882 1608 Deo,
903 1559 1076 1610 inquam,
1098 1559 1162 1610 qui
1179 1556 1282 1600 solus
1308 1571 1377 1600 sa·-

123 1624 228 1675 piens
247 1630 330 1671 est,
359 1623 478 1663 honor
503 1623 549 1662 sit
575 1628 612 1662 et
627 1621 749 1672 gloria
772 1626 910 1660 aeterna
924 1633 996 1673 per·
1013 1618 1145 1659 Jesum
1175 1620 1377 1663 Christum.

115 1680 221 1725 Vide
239 1687 276 1725 in
297 1682 473 1740 paraphr.
493 1684 681 1725 clariorem
700 1684 984 1736 expositionem.

177 1740 396 1786 Pronomen
417 1747 481 1785 cui
499 1743 724 1785 Hebraismo
756 1743 959 1785 redundat:
980 1741 1133 1784 Hebraei
1149 1744 1249 1783 enim
1263 1755 1380 1796 repe-

123 1813 203 1848 tunt
224 1809 414 1850 relativum
432 1823 513 1850 cum
536 1809 800 1859 antecedente,
818 1809 868 1847 ait
886 1804 1079 1848 Cornelius
1096 1808 1117 1846 ὲ
1134 1804 1288 1858 Lapide-

180 1870 266 1914 Hos
288 1878 359 1912 tres
379 1885 504 1913 versus
519 1874 567 1912 ita
584 1869 698 1923 Syrus
714 1871 907 1922 exprimit:
924 1867 1013 1911 Deo
1033 1875 1155 1909 autem
1171 1870 1230 1922 qui
1247 1875 1382 1923 potens

123 1941 178 1976 est
194 1947 263 1975 vos
288 1934 504 1975 confirmare
533 1936 571 1975 in
589 1930 794 1985 Evangelio
822 1947 928 1983 meo,
953 1932 1051 1985 quod
1071 1932 1304 1986 proedicatum
1327 1939 1383 1975 est

123 1994 171 2036 de
199 1993 291 2037 Jesu
312 1990 468 2036 Christo
499 2010 564 2049 per
594 1995 859 2035 revelationem
883 1995 1002 2036 arcani
1024 1994 1125 2047 quod
1156 1996 1382 2047 temporibus

122 2060 271 2099 aeternis
285 2058 547 2099 absconditum
566 2057 654 2107 suit,
676 2056 876 2098 revelatum
901 2062 1023 2097 autem
1041 2054 1113 2096 hoc
1130 2062 1296 2109 ternpore
1312 2070 1383 2110 per

126 2115 334 2175 Scripturas
352 2118 645 2173 Prophetarum,
670 2128 705 2161 et
722 2134 786 2173 per
803 2119 1013 2160 mandatum
1033 2113 1116 2161 Dei·
1133 2120 1263 2159 eterni
1280 2125 1384 2172 pate·

118 2182 259 2224 tactum
279 2186 450 2226 omnibus
465 2185 637 2237 gentibus
654 2184 700 2226 ad
724 2184 975 2225 obedientiam
993 2182 1098 2230 sidei3
1126 2184 1187 2235 qui
1205 2182 1301 2224 solus
1317 2197 1384 2225 sa-

125 2247 231 2301 piens
243 2253 312 2295 est,
324 2246 434 2298 gloria
449 2262 513 2300 per
523 2244 651 2288 Jesurn
661 2244 848 2288 Christum
863 2248 898 2285 in
912 2244 1042 2286 soecuia
1058 2241 1387 2289 saeculormu.G1⁸·

124 2311 174 2349 tia
195 2306 350 2351 Domini
365 2312 483 2351 nostri
500 2308 600 2352 Jesu
621 2305 762 2352 Christi
778 2311 825 2351 sit
841 2311 1106 2352 cumomnibus
1121 2305 1386 2354 vobis.Amen.
