1410 2554
285 90 469 121 nuptu
497 86 728 119 tumst-rio.
745 72 1022 129 roupi-Vm.
1214 85 1289 114 ποι

37 148 206 207 postium
231 152 372 191 vocatis
399 151 726 191 existentibusein
755 145 824 189 Gr.
850 159 930 188 non
960 151 1016 186 est
1042 144 1192 193 sancti,
1223 157 1295 185 nec

37 218 148 257 etiam
160 216 198 254 in
216 211 383 268 Syriaco.

88 274 186 317 Hoc
201 274 558 329 propositum-aliqui
576 277 710 313 vocant
727 269 860 311 clavim
875 269 987 310 totius
1004 270 1175 322 mysterii
1191 267 1296 308 divi·

35 352 95 380 nae
120 337 471 392 praedestinationis,
501 336 601 389 quasi
635 347 683 374 ex
710 332 818 382 hujus
852 331 1028 384 propositi
1060 328 1296 381 intelligentia

35 401 198 454 pendat>
213 401 356 452 apertio
376 398 469 438 illius
484 395 691 437 absconditi
705 394 889 448 mysterii.
927 412 930 417 ·
999 397 1005 404 '

62 485 67 492 .
90 462 243 505 Constat
257 462 430 515 equidem
443 492 455 513 ‚
471 461 571 515 quod
588 460 745 508 diversae
766 457 873 508 huius
886 457 1063 510 propositi
1084 454 1295 506 intelligen-

35 525 367 578 tiae-respondeant
389 525 547 566 diversis
568 523 702 563 divinae
722 520 1057 573 predestinationis
1075 518 1296 572 explicatio·-

34 591 167 633 nibus:
185 605 232 632 an
254 594 346 631 vero
371 603 419 630 ex
446 589 623 642 propositi
658 585 895 638 intelligentia
913 590 1078 625 nascatur
1105 583 1232 636 opinio
1247 580 1296 621 de

35 653 381 707 praedestinatione;
399 665 444 691 an
463 664 510 691 ex
531 651 708 702 opinione
728 647 776 688 de
797 645 1118 699 praedestinatione
1131 649 1296 686 nascatur

34 716 230 770 explicatio
253 714 399 755 diversa
412 714 611 766 propositi,
633 714 826 751 incertum.

90 775 368 830 Quidquidsit,
389 775 451 815 hic
482 773 694 826 simpliciter
706 772 980 812 communiores
995 768 1150 810 aliorum
1169 767 1296 822 expli·-

33 839 198 880 cationes
215 835 333 877 refero
345 866 358 886 ,
387 834 580 875 humiliter
595 831 745 874 tandem
764 838 800 872 et
818 844 902 870 cum
922 836 1083 870 tremore
1109 835 1295 882 aperturus

34 900 123 954 quid
134 900 254 940 sentio
271 898 318 938 de
331 911 370 938 re
383 927 394 946 ,
410 910 519 950 quam
540 894 761 936 ineffabilem
780 900 881 945 puto.

61 980 65 984 ·
88 959 326 1013 Propositum
336 988 347 1008 ,
371 956 441 999 Gr.
621 987 624 990 ι
667 958 706 996 in
718 954 914 1009 ScripturIS
926 959 964 994 et
980 955 1019 995 in
1034 951 1137 995 Divo
1149 950 1268 995 Paulo
1281 985 1293 1006 ‚

34 1023 214 1076 signifieat
235 1021 430 1075 aliquando
448 1020 676 1062 voluntatem
698 1017 914 1065 hominum,
934 1031 973 1058 v.
988 1030 1026 1068 g.
1041 1013 1131 1057 Act.
1148 1031 1165 1057 ι
1176 1030 1212 1058 1.
1223 1015 1292 1057 23.

33 1082 124 1127 Act.
136 1099 207 1139 ²7·
224 1098 288 1128 υ.
303 1082 475 1125 semndae
494 1083 541 1122 ad
557 1079 661 1122 Tim.
674 1080 713 1122 3.
735 1092 799 1122 ιο.
816 1086 888 1121 etc.
906 1078 1102 1132 aliquando
1116 1078 1295 1131 siguificat

36 1146 266 1187 voluntatem
286 1143 381 1196 Dei,
403 1143 520 1186 Rom.
534 1160 574 1200 9.
597 1160 612 1184 1
625 1156 659 1184 1.

89 1208 209 1253 Hine.
225 1217 353 1251 natum
381 1215 441 1249 est
471 1206 625 1247 dubium
654 1206 702 1246 de
726 1219 800 1258 quo
819 1206 1012 1258 proposito
1043 1203 1106 1245 hic
1128 1204 1294 1258 loquatur

36 1267 260 1324 Apostolus,
279 1285 326 1312 an
344 1265 563 1311 hominum?
575 1282 623 1309 an
643 1266 747 1308 Deiss
759 1282 807 1309 an
823 1262 907 1309 Dei
924 1274 961 1307 et
973 1266 1196 1308 hominum?

60 1351 62 1354 ’
90 1331 228 1383 Patres
241 1331 362 1374 Graeci
380 1331 584 1382 intelligunt
606 1332 837 1383 propositum
853 1336 1089 1379 vocatorum,
1109 1342 1176 1369 seu
1193 1341 1296 1381 prat·-

35 1396 314 1437 visambonam
333 1393 562 1436 voluntatem
579 1405 707 1433 eorum
729 1393 791 1445 qui
809 1394 829 1431 a
843 1388 930 1431 Deo
946 1396 1137 1432 vocantur.

87 1458 332 1510 Propositum
348 1457 451 1503 dicit,
462 1462 504 1495 ut
518 1468 568 1495 ne
582 1461 702 1495 totum
715 1455 902 1495 vocationi
919 1454 1112 1504 tribuam,
1125 1459 1294 1495 emnam

36 1521 68 1561 si
87 1520 232 1560 vocatio
251 1518 368 1558 solum
382 1516 586 1567 sufficeret,
603 1515 673 1569 qud
692 1516 840 1556 tandem
856 1514 961 1556 causa
975 1530 1050 1556 non
1073 1529 1204 1557 omnes
1219 1515 1295 1557 sal·

37 1584 77 1623 vi
91 1581 178 1623 fanti
194 1580 309 1622 sunt?
329 1585 541 1634 propterea,
561 1580 628 1630 ait,
641 1592 720 1620 non
735 1581 971 1621 vocationem
983 1582 1126 1620 tantum
1137 1607 1151 1628 ‚
1169 1578 1238 1620 sed
1257 1584 1295 1620 et

37 1646 158 1698 ipsum
167 1645 398 1698 ‘propositum
414 1649 630 1683 vocatorum
641 1671 653 1691 ,
675 1642 830 1683 salutem
845 1641 1014 1682 effecisse
1028 1656 1037 1681 τ
1053 1655 1175 1696 neque
1190 1643 1295 1694 enim

38 1713 234 1752 cunctatam
245 1704 596 1747 violentersactaest
610 1706 768 1746 vocatio.
781 1702 928 1753 Omnes
939 1706 1048 1755 igitur
1058 1711 1143 1745 aunt
1154 1706 1290 1753 vocati,

37 1774 75 1808 at
88 1782 169 1808 non
186 1781 316 1808 omnes
329 1765 589 1809 obediverunt.
607 1762 730 1806 Divus
748 1762 915 1805 Joannes
932 1759 1240 1818 chrysostomus.

94 1829 212 1873 Valde
230 1833 395 1886 apposite
423 1831 611 1870 vocationi
634 1831 859 1884 propositum
883 1829 1072 1879 adjunxit;
1094 1844 1170 1871 non
1193 1830 1294 1871 enim

38 1901 147 1935 vocat
154 1895 382 1949 simpliciter,
393 1893 461 1934 sed
472 1906 536 1934 eos
550 1893 610 1945 qui
621 1892 761 1933 habent
777 1895 1001 1946 propositum
1007 1891 1295 1935 .'l'heodoretus.

92 1957 255 2001 Vocatus
272 1967 327 2004 est
346 1965 468 2000 autem
485 1957 600 1999 homo
618 1957 822 1998 secundum
837 1960 1065 2011 propositum
1078 1988 1091 2009 ,
1109 1958 1182 1999 hoc
1208 1966 1267 2000 est
1279 1988 1293 2009 ,

36 2023 240 2064 secundum
273 2023 460 2076 propriam
488 2020 728 2062 voluntatem.
744 2018 962 2074 Theophyi.
991 2019 1100 2062 ldem
1128 2023 1295 2063 tribuitur

41 2081 212 2137 origeni.

65 2170 69 2172 ν
90 2144 379 2194 :Instar-Latinus
391 2146 663 2192 Ambrosiaster
678 2151 725 2189 ita
743 2148 926 2202 explic-t:
950 2147 988 2189 hi
1010 2153 1134 2190 autem
1151 2161 1294 2190 secun-

37 2206 136 2249 dum
156 2211 614 2262 propositumwocantur,
643 2223 736 2263 quos
766 2210 964 2251 credentes
981 2212 1166 2263 praescivit
1188 2208 1295 2252 Deus

38 2270 183 2317 futuros
195 2271 440 2315 sibi-idoneos
450 2303 462 2323 ‚
478 2281 519 2314 ut
534 2279 730 2327 antequam
743 2273 959 2326 crederent,
976 2278 1168 2317 scirentur.
1186 2272 1294 2316 Idem

34 2341 77 2375 et
91 2332 140 2376 D.
154 2333 388 2390 Hieronymo
401 2337 580 2378 tribuitur.
