1410 2554
307 77 496 114 ‘ramum‘
512 69 755 117 *Exposmo's
782 70 876 125 Cap.
904 71 1002 112 XII.
1212 50 1301 126 ‘31'7

229 262 489 308 CAPUT
536 259 1103 309 DUODECIMUM.

534 384 803 438 Paraphmsis.

42 483 184 572 CUM
197 545 283 584 ergo
297 537 395 572 tanta
413 534 457 572 sit
472 533 509 571 in
523 546 590 572 vos
608 529 681 572 Dei
700 530 965 578 misericordia;
989 544 1052 583 per
1069 530 1165 571 hanc
1180 532 1297 584 ipsam

38 609 132 641 vos,
157 593 306 644 fratres,
335 594 499 634 obtestor
528 600 564 634 et
591 595 769 643 obsecro,
791 599 830 632 ut
860 595 898 632 in
918 591 1146 644 gratitudinis
1173 596 1301 633 moni-

36 663 227 706 mentum,
260 656 458 698 immoletis
486 657 532 696 itti
550 687 560 706 ,
583 670 660 696 non
689 657 848 710 pecudes
882 662 1066 705 mortuas,
1088 655 1155 696 sed
1176 662 1300 699 vestra

37 723 117 775 ipsa
140 735 312 776 corpora,
333 721 490 762 hostiam
519 719 603 762 Deo
623 725 813 762 viventem
832 753 844 773 ‚
863 728 1022 762 sanctam
1036 751 1048 772 ‚
1069 726 1106 761 et
1126 722 1172 761 ab
1194 725 1301 765 omni

34 789 269 836 peccatorum
290 783 427 823 macula
451 790 661 836 purgatam;
692 779 785 824 Deo
803 791 940 835 gratam
956 814 969 835 ‚
987 790 1114 838 utpote
1132 788 1153 825 a
1169 786 1298 839 spiritu

35 857 128 898 puro
142 874 155 893 ,
177 851 214 885 et
229 845 454 885 sanctificato
475 846 645 886 oblatam.

91 901 144 944 Et
165 919 212 945 ne
234 907 324 944 sicut
353 912 531 963 amatores
549 903 656 956 hujus
675 905 797 944 saeculi
817 905 1008 944 sectemini
1033 904 1238 957 votuptates
1258 914 1298 948 et

33 969 252 1019 commoda,
272 971 475 1021 vestrisque
492 972 656 1010 serviatis
676 969 952 1022 cupiditatibus3
970 969 1035 1008 sed
1050 983 1116 1023 per
1131 970 1297 1013 sedulam

31 1029 354 1075 mortificationem
370 1040 568 1074 vestrarum
591 1035 851 1086 cupiditatum,
871 1035 1015 1074 studete
1027 1042 1065 1074 ut
1085 1042 1211 1076 mente
1227 1050 1297 1077 re·-

31 1101 222 1138 novemini
239 1111 253 1148 ς
272 1106 307 1139 ut
324 1100 447 1151 spiritu
465 1101 627 1139 renovati
645 1096 884 1152 experiamini
899 1130 909 1146 ,
927 1106 1106 1152 gustuque
1122 1102 1297 1154 spirituali

31 1165 200 1216 sapiatis,
219 1178 303 1218 quae
328 1166 373 1204 sit
398 1164 565 1204 voluntas
580 1162 681 1215 Dei,
711 1167 932 1218 possitisque
955 1166 1176 1218 distinguere
1194 1168 1295 1220 quod

29 1228 174 1269 bonum
196 1235 273 1276 est,
293 1221 440 1283 vultque
458 1226 560 1268 Deus
578 1232 597 1269 a
615 1230 723 1269 vobis
743 1229 823 1269 fieri
843 1247 851 1275 ;
871 1230 970 1282 quod
986 1230 1117 1270 meiius
1139 1239 1220 1280 est,
1238 1235 1295 1289 ip-

30 1289 176 1342 siusque
193 1290 305 1330 oculis
321 1292 454 1342 gratius
471 1305 481 1338 ;
502 1290 600 1343 quod
619 1293 798 1345 optimum
819 1298 855 1332 et
874 1292 1077 1344 perfectum
1095 1300 1174 1343 est,
1197 1297 1294 1348 ipsi-

32 1367 103 1408 que
117 1357 374 1406 gratissimum.

85 1415 197 1458 Hane
216 1416 290 1459 Dei
307 1420 343 1458 in
361 1433 426 1459 vos
445 1419 668 1460 voluntatem
682 1448 692 1468 ‚
713 1433 782 1472 ego
801 1416 881 1461 Dei
900 1418 1092 1470 Minister,
1117 1426 1292 1466 omnibus

29 1480 138 1521 vobis
155 1479 290 1522 Romae
307 1484 547 1522 existentibus
568 1483 650 1522 dico
668 1512 679 1531 ‚
701 1490 736 1523 et
753 1483 901 1535 quidem
920 1487 1020 1536 juxta
1043 1487 1204 1528 officium
1215 1491 1290 1530 mi-

27 1540 69 1583 hi
91 1548 199 1595 gratis
216 1545 418 1591 induitum;
451 1546 533 1585 dico
552 1546 689 1586 scilicet
703 1575 714 1595 ‚
744 1554 782 1586 ut
807 1547 924 1587 nultus
944 1548 992 1601 de
1007 1563 1048 1590 se
1064 1564 1170 1603 supra
1196 1565 1289 1592 rno—

26 1603 118 1644 dum
141 1607 276 1658 sapiat;
303 1606 368 1646 sed
392 1610 640 1660 unusquisque
661 1622 726 1648 suo
750 1609 850 1648 dono
868 1617 1083 1658 contentus,
1107 1615 1230 1654 sobrie
1249 1621 1288 1656 et

25 1667 193 1709 modeste
213 1683 253 1709 se
269 1676 367 1721 gerat
383 1672 475 1710 intra
492 1684 701 1712 mensuram
715 1671 802 1712 doni
821 1675 890 1713 sibi
906 1677 926 1712 ἐι
941 1670 1034 1715 Deo
1052 1676 1186 1717 coliati.

83 1728 186 1772 Sicut
201 1734 354 1773 enimin
371 1747 445 1774 uno
465 1740 500 1774 et
519 1735 653 1775 eodem
669 1749 823 1788 corpore
842 1737 952 1778 muita
969 1737 1149 1779 habemus
1171 1753 1289 1781 men-

23 1792 92 1832 bra
114 1793 259 1834 diversa
275 1822 285 1841 ‚
314 1801 350 1834 et
371 1793 452 1834 haec
469 1797 591 1835 omnia
611 1797 777 1836 membra
795 1800 958 1850 cerporis
980 1803 1096 1840 nostri
1115 1814 1193 1842 non
1209 1801 1286 1843 ha·

25 1854 117 1895 bent
133 1856 302 1896 eamdem
322 1856 549 1898 functionem
563 1888 575 1909 ‚
600 1860 666 1899 sed
687 1860 892 1907 diversam;

78 1935 134 1978 Ita
151 1952 218 1978 nos
237 1953 367 1980 omnes
382 1940 531 1991 fideles,
550 1949 582 1982 et
606 1940 679 1983 Dei
693 1941 853 1984 Ministri
868 1975 879 1995 ‚
899 1949 999 2000 quasi
1018 1947 1161 1989 diversa
1171 1963 1288 1992 mem·

22 2000 88 2041 bra
103 2031 113 2051 ‚
133 2001 296 2041 diversas
315 2001 388 2042 sum
400 2008 519 2044 tiones
534 2004 707 2046 habentia
720 2037 730 2056 ‚
749 2022 863 2047 unum
883 2005 1019 2049 Christi
1033 2024 1164 2064 corpus
1182 2026 1288 2066 mys-

22 2061 136 2099 ticum
158 2074 306 2109 sumus;
331 2063 461 2114 singuli
495 2072 616 2105 autem
640 2067 728 2107 aiter
747 2067 892 2108 alterius
928 2071 1090 2111 invicem
1118 2073 1287 2115 membra

20 2132 162 2161 sumus,

78 2196 173 2240 Citm
193 2202 302 2254 igitur
319 2203 466 2246 diversa
484 2203 686 2248 habeamus
705 2209 802 2250 dona
820 2241 832 2261 ‚
848 2218 954 2264 prout
967 2209 1073 2252 Deus
1089 2177 1286 2268 unt'c‘iiique

20 2265 187 2306 nostrum
205 2280 270 2321 per
287 2282 388 2309 suam
411 2273 560 2322 gratiam
589 2272 733 2326 largitus
753 2281 828 2322 est;
859 2278 901 2316 iis
923 2283 1065 2319 utamur
1082 2279 1250 2321 modeste
1270 2309 1282 2330 ‚

19 2332 59 2366 et
78 2330 324 2383 unusquisque
338 2332 429 2372 intra
447 2326 535 2372 doni
553 2336 607 2374 sui
627 2335 759 2376 limites
780 2350 820 2378 se
839 2339 1038 2379 contineat.

832 2392 859 2416 ο
