1410 2554
359 51 542 82 Turpttx
578 48 802 80 txmsrrm.
833 37 928 90 Cap.
965 37 1016 78 Χ.
1229 51 1305 92 ²⁷7

45 124 48 127 '
95 100 222 166 ‘Quod
251 111 299 152 de
319 110 418 151 coelis
449 112 486 151 in
517 124 625 151 sensu
654 108 793 149 litterali
814 107 908 148 dixit
929 105 1071 159 Regius
1094 104 1304 160 Propheta,

49 177 126 218 hoc
144 175 191 215 de
213 172 401 227 Apostolis
418 177 454 213 in
473 187 581 213 sensu
601 174 757 225 mystico
777 170 863 211 dicit
882 167 1108 221 Apostolum
1129 170 1229 222 quasi
1245 169 1309 210 di-

23 259 27 262 *
51 245 173 280 teret:
194 235 397 287 Quomodo
412 235 508 275 solos
524 233 679 274 Judaeos
697 228 802 283 latet,
817 230 915 285 quod
932 244 1156 284 peromnem
1175 237 1308 271 terram

50 307 197 343 resonat
213 296 231 340 Β

51 369 55 372 ”
108 359 286 401 Paulatim
306 358 494 410 impletum
512 364 566 398 est
592 355 665 395 hoc
687 354 840 396 Davidis
858 355 1069 395 vaticinium
1083 383 1093 402 ,
1117 354 1183 394 sed
1199 353 1308 394 suffi-

52 427 191 465 cienter
201 418 246 464 ad
261 421 477 463 Judaeorum
495 421 840 461 condemnationem
853 418 1041 471 impletum
1059 415 1193 458 eratD.
1203 415 1309 458 Pauli

49 485 301 536 temporibus3
323 489 406 522 tunc
435 485 534 523 enim
554 485 590 522 in
618 481 866 521 illustrioribus
897 479 1047 518 urbibus
1079 476 1252 532 Apostoli
1271 485 1310 519 et:

51 550 343 605 praedicaverant
372 556 408 590 et
428 546 593 589 miracula
612 546 794 602 fecerant;
827 551 862 585 et
880 545 966 585 inde
994 551 1169 585 tantarum
1188 558 1311 584 rerum

52 616 147 656 fama
162 615 207 656 ad
225 629 353 655 omnes
366 622 491 665 terras,
507 615 543 653 in
563 614 693 666 quibus
705 611 915 651 habitabant
932 608 1066 662 Judaei,
1082 617 1310 663 pervenerat.

109 678 169 720 Ῐ).’
199 677 367 719 Thomas
387 677 579 716 occasione
597 673 720 724 'hujus
739 674 900 713 vaticinii
914 670 1068 713 Davidis
1102 673 1192 726 petit
1225 671 1312 726 quid

51 740 286 782 sentiendum
304 742 349 779 sit
373 739 419 778 de
438 741 482 779 iis
497 769 508 787 ‚
527 739 587 790 qui
605 737 651 776 de
668 737 740 776 fide
762 734 850 774 nihil
870 733 1088 775 audierunt?

54 819 57 824 ’
107 804 327 859 Respondet
351 804 429 844 illos
457 804 592 843 habere
617 802 764 855 quidem
797 802 1070 840 excusationem
1095 800 1142 840 de
1160 805 1311 853 peccato

53 867 276 907 infidelitatis
292 896 303 916 ‚
327 863 552 904 damnandos
573 869 694 906 tamen
708 863 756 901 ob
772 866 959 913 peccatum
978 860 1149 912 originale
1162 890 1174 910 ,
1194 867 1230 900 et
1245 860 1312 900 alia

52 937 203 980 peccata
223 942 302 980 qnae
317 924 544 966 addiderunt.

110 986 232 1029 Addit
251 988 348 1040 quod
367 989 398 1027 si
418 987 589 1027 fecissent
621 986 718 1040 quod
738 989 775 1027 in
796 1002 836 1028 se
865 994 944 1037 est,
962 983 1143 1024 Dominus
1172 985 1225 1022 eis
1244 996 1312 1022 se-

55 1052 216 1092 cundum
237 1064 338 1090 suam
357 1049 641 1090 misericordiam
668 1049 913 1100 providisset,
937 1044 993 1087 eis
1020 1045 1200 1086 mittendo
1226 1044 1314 1085 fidei

55 1112 351 1166 praedicatorem,
375 1107 531 1150 sicuti).
552 1107 702 1148 Petrum
727 1112 822 1148 misit
849 1106 1045 1156 Cornelio,
1079 1103 1129 1146 D.
1160 1102 1314 1144 Paulum

55 1173 323 1216 Macedonibus
349 1172 450 1212 :hoc
476 1179 618 1220 tamen,
643 1173 780 1222 inquit,
806 1171 905 1224 quod
925 1170 1052 1210 faciant
1081 1168 1180 1222 quod
1214 1170 1253 1208 in
1272 1181 1314 1208 se

56 1247 139 1291 est,
158 1253 206 1280 ex
227 1237 312 1280 Deo
332 1245 386 1278 est
401 1268 411 1288 ‚
440 1239 601 1289 ipsorum
631 1237 739 1276 corda
768 1243 957 1277 movente.

440 1370 699 1400 OBSERVATio
731 1369 849 1398 Motu
856 1369 930 1397 Lis.

113 1477 253 1520 Judaeis
270 1477 589 1518 inexcusabiliores
621 1484 702 1516 sunt
725 1474 946 1523 Christiani,
966 1473 1063 1526 apud
1084 1487 1174 1527 quos
1189 1475 1315 1514 conti-

57 1544 130 1581 nue
157 1547 302 1580 resonat
334 1539 488 1578 verbum
526 1536 626 1586 Dei,
653 1544 689 1577 et
712 1540 744 1576 ei
781 1543 902 1575 tamen
939 1535 997 1573 vel
1026 1547 1102 1573 non
1135 1534 1313 1582 credunt,

57 1606 117 1646 vel
146 1620 220 1646 non
245 1604 448 1649 obediunt3
485 1616 569 1642 aure
601 1603 763 1654 corporis
783 1601 931 1640 audiunt
947 1628 958 1646 ,
988 1612 1072 1638 aure
1093 1599 1212 1638 cordis
1237 1611 1314 1638 nou

54 1670 246 1720 recipiunt.

114 1731 262 1786 Duplex
291 1738 344 1772 est
373 1731 514 1772 auditus
538 1730 643 1769 verbi
668 1726 765 1776 Dei,
804 1729 967 1768 internus
986 1757 995 1775 ,
1022 1732 1223 1766 externus:
1253 1726 1313 1765 hic

56 1796 94 1836 fit
119 1808 204 1834 aure
228 1795 388 1848 corporis
419 1807 484 1844 per
513 1799 703 1835 externam
723 1791 1051 1842 praedicationem;
1077 1790 1135 1830 ille
1169 1789 1207 1828 fit
1229 1803 1316 1828 aure

57 1857 179 1897 cordis
200 1869 264 1908 per
283 1867 503 1894 consensum
525 1852 651 1892 datum
666 1854 790 1904 gratiae
809 1850 904 1899 Dei,
923 1851 1042 1891 cordis
1061 1851 1174 1891 nostri
1191 1862 1315 1893 aurem

57 1920 248 1972 aperienti.

50 2001 58 2005 -
116 1978 289 2032 Plerique
309 1977 457 2018 audiunt
487 1989 550 2015 ore
568 1978 730 2027 corporis
756 1975 911 2016 verbum
932 1972 1030 2019 Dei;
1055 1972 1120 2013 sed
1139 1986 1216 2012 non
1238 1986 1313 2012 au-

62 2044 166 2084 diunt
194 2057 257 2083 ore
283 2037 424 2089 cordis,
453 2042 486 2080 ei
517 2053 591 2079 non
622 2039 826 2084 obediunt;
856 2041 932 2079 imo
964 2038 1065 2078 sactis
1093 2042 1130 2077 et
1149 2037 1316 2077 moribus

64 2106 327 2147 contradicunt.
350 2100 508 2144 Auditus
520 2109 693 2143 externus
709 2104 778 2144 erit
796 2101 1121 2142 contradicentium
1137 2098 1318 2139 condem-

62 2173 176 2208 natio.

125 2227 288 2269 Domine
309 2226 398 2269 Jesu
414 2256 426 2277 ‚
449 2226 495 2266 da
527 2225 616 2266 mihi
642 2225 763 2267 cordis
797 2224 980 2273 auditum,
1009 2221 1127 2262 cordis
1148 2218 1324 2259 docitita-

68 2298 145 2333 tem
166 2321 178 2343 ‚
206 2291 456 2333 obedientiam
475 2289 592 2330 verbo
616 2295 706 2338 tuo,
733 2289 817 2330 voci
838 2287 960 2339 gratiae
976 2290 1013 2326 et
1040 2282 1223 2335 sanguinis
1255 2282 1320 2321 tui·
