1410 2554
133 36 190 82 88
491 51 703 82 EP18TOLAE
731 52 790 86 sn
819 29 1021 84 nonanes
1055 60 1060 66 ·

168 131 171 134 ·
187 109 243 164 Y.
259 109 299 153 3.
315 110 421 164 Quid
430 112 531 152 enlm
542 112 636 152 dicit
645 108 866 167 Scriptura?
882 113 937 154 2.⁰
947 111 1087 154 Probat
1104 113 1166 155 hle
1182 120 1220 155 et
1231 128 1401 170 sequen-

131 178 229 220 tibus
246 176 300 229 y.
322 174 516 218 Abraham
533 183 644 231 gratis
663 193 731 232 per
749 179 862 220 fidem
881 179 1112 231 justificatum
1125 180 1249 224 fuisse.
1263 181 1305 223 Id
1325 197 1403 224 au-

131 248 209 282 tem
228 241 358 294 probat
377 245 432 280 1.⁰
450 243 662 283 auctoritate
678 240 889 295 Scripturae,
916 239 1057 283 Genes.
1080 241 1142 284 15.
1156 244 1195 285 6.
1215 247 1401 300 instatque

129 302 342 358 frequenter
359 301 562 357 Apostolus
582 306 621 344 in
639 304 722 346 haec
741 307 855 347 verba
878 321 887 344 ε
910 305 1068 344 credidit
1082 335 1210 348 .....
1229 315 1264 346 ct
1280 324 1398 361 repu-

104 384 108 388 ⁴
130 372 254 406 tatum
269 372 325 405 est
334 394 349 413 ,
374 372 445 406 etc.
469 366 562 418 quid
577 366 671 405 dicit
688 364 920 420 Scriptura?
934 364 1025 407 Non
1044 366 1155 417 dicit,
1175 367 1370 420 quodsecit
1389 377 1401 402 ἓ

131 429 200 469 sed
217 428 316 481 quod
335 429 493 468 credidit
504 429 700 469 Abraham
718 427 803 470 Deo
820 432 1070 483 promittenti,
1093 430 1246 479 scilicet,
1263 432 1334 471 sibi
1359 438 1398 472 et

132 489 469 546 Saraeconjugibus‚
484 493 648 540 senibus,
661 498 698 532 et
715 492 897 532 sterilibus
911 493 1216 534 innumerabilem
1226 495 1390 546 poneri-

132 557 242 592 tatem
255 581 267 602 ,
281 557 358 592 tum
375 552 554 593 carnalem
570 567 633 606 per
643 551 759 601 Isaac,
777 559 854 593 tum
867 553 1091 606 spiritualem
1107 568 1172 606 per
1187 550 1396 597 Christum.

186 613 237 652 Et
255 620 467 665 reputatum
484 621 558 664 est,
583 614 620 654 id
639 620 716 664 est,
734 620 772 655 et
793 613 873 654 haec
883 612 1046 654 Abrahae
1066 613 1158 653 fides
1177 616 1198 652 a
1219 609 1312 654 Deo
1324 628 1396 655 re·-

129 682 253 728 putata
269 676 335 717 suit
351 677 398 717 illi
415 679 452 717 in
471 678 640 728 justitiam
662 691 672 717 z
695 690 759 717 seu
774 706 785 726 ‚
806 691 872 729 per
891 676 986 716 hanc
1003 676 1116 716 fidem
1133 690 1239 716 suam
1253 680 1340 717 vere
1356 686 1396 721 et

128 754 254 781 coram
275 739 362 781 Deo
380 740 590 791 justificatus
603 748 658 780 est
677 738 868 780 Abraham
882 755 891 779 :
907 738 1011 780 Deus
1029 742 1130 779 enim
1145 754 1222 780 non
1240 741 1395 792 imputat

126 801 230 841 alicui
248 802 440 852 justitiam,
466 815 531 842 seu
548 814 624 840 non
644 806 787 853 reputat
801 800 960 852 aliquem
980 802 1138 851 justum,
1158 801 1228 840 nisi
1246 814 1392 850 revera,

128 863 189 905 vel
207 864 286 904 talis
300 866 367 914 sit,
385 863 444 904 vel
465 864 544 905 fiat.

183 925 270 968 Hac
287 929 393 979 igitur
411 926 484 968 fide
501 924 565 967 sua
585 922 798 975 Abraham,
814 932 874 965 aut
889 927 1006 977 primo
1021 910 1229 978 iustificatus
1243 931 1315 975 est,
1327 938 1394 966 seu

130 1005 179 1032 ex
196 993 309 1043 impio
329 997 366 1031 et
382 997 572 1043 peccatore
588 989 703 1029 factus
718 995 772 1029 est
790 990 927 1039 justus:
945 994 1004 1028 aut
1025 1001 1073 1027 ex
1090 990 1187 1039 justo
1199 986 1315 1027 factus
1333 993 1390 1028 est.

127 1054 271 1104 justior,
281 1067 343 1093 seu
356 1055 507 1103 justitiae
520 1059 755 1103 augmentum
765 1053 918 1103 accepit;
931 1051 997 1091 sed
1006 1054 1090 1091 cum
1104 1065 1150 1091 ex
1166 1048 1306 1091 Genes.
1327 1065 1391 1090 12.

126 1122 252 1168 pateat
268 1115 366 1168 quod
383 1117 454 1166 jam
467 1121 552 1154 tunc
564 1116 676 1165 justus
693 1120 768 1154 erat
785 1120 822 1154 et
837 1111 920 1153 Deo
935 1119 1060 1165 gratus
1071 1142 1082 1161 ‚
1097 1111 1391 1152 concludendum

124 1185 182 1220 est
201 1179 300 1232 quod
321 1178 389 1218 hac
407 1178 479 1218 side
508 1177 622 1218 sactus
638 1185 692 1218 est
710 1179 859 1228 justior3
882 1190 952 1217 seu
979 1176 1078 1229 quod
1100 1175 1178 1217 haec
1201 1178 1279 1227 ejus
1299 1176 1391 1217 fides

125 1243 175 1284 illi
196 1245 370 1297 imputata
389 1250 445 1283 est
464 1242 510 1283 ad
523 1241 724 1283 secundam
744 1243 936 1293 justitiam,
962 1241 1001 1281 id
1026 1247 1104 1290 est,
1126 1242 1272 1292 justitiae
1292 1255 1390 1294 aug-

127 1313 312 1348 mentum.

185 1367 262 1410 Sed
277 1369 408 1410 eadem
429 1382 576 1422 semper
597 1370 654 1408 vis
672 1359 873 1420 argumenti
893 1363 1116 1420 Apostolici.
1130 1364 1169 1406 Si
1188 1367 1288 1406 enirn
1318 1380 1390 1407 nec

126 1435 242 1485 justus
262 1429 456 1473 Abraham
469 1462 480 1481 ‚
494 1438 530 1472 et
546 1427 639 1471 Deo
655 1432 726 1481 jam
742 1437 862 1483 gratus
875 1459 885 1477 ‚
907 1430 1050 1480 justitiae
1069 1435 1304 1480 augmentum
1321 1442 1388 1469 ac·-

125 1497 222 1549 cepit
248 1495 318 1535 nisi
347 1509 411 1548 per
444 1494 581 1539 fidem;
612 1493 724 1533 multo
747 1495 866 1532 minus
885 1493 1018 1543 impius
1040 1497 1075 1530 et
1103 1497 1297 1542 peccator,
1322 1503 1391 1544 per

127 1565 278 1600 externa
293 1571 425 1612 opera,
446 1560 526 1597 sine
546 1556 619 1596 fide
632 1586 643 1605 ‚
663 1557 820 1609 primam
839 1553 993 1607 adeptus
1021 1558 1076 1592 est
1099 1554 1274 1604 justitiam
1292 1567 1302 1592 :
1319 1551 1388 1593 sed

125 1623 216 1662 sicut
227 1635 291 1675 per
300 1620 412 1661 sidem
422 1621 562 1671 accepit
576 1624 811 1671 augmentum
822 1619 986 1668 justitiae,
999 1619 1050 1656 sic
1066 1615 1253 1670 perfidem
1265 1615 1387 1670 adep-

102 1714 106 1718 ·
126 1691 183 1725 tus
200 1691 254 1725 est
277 1685 431 1737 primam
450 1683 634 1733 justitiam.

181 1742 244 1786 Ad
258 1745 403 1797 plenam
415 1746 535 1797 itaque
548 1742 654 1794 huius
672 1739 867 1794 Scripturae
879 1739 1174 1792 intelligentiam,
1188 1734 1386 1780 recordare

125 1810 204 1861 ejus
220 1808 319 1861 quod
337 1808 474 1848 dictum
493 1814 546 1847 est
561 1819 663 1858 ‚.cap
687 1820 770 1846 1.v.
795 1820 809 1844 1
821 1819 857 1857 7.
875 1805 1010 1845 Justus
1021 1818 1071 1842 ex
1077 1802 1165 1855 fide
1177 1804 1291 1850 vivunt
1303 1804 1384 1844 sci-

118 1872 210 1914 <ticet
230 1871 370 1925 prima,
392 1870 553 1912 secunda
570 1877 606 1911 et
624 1868 795 1910 continua
817 1870 962 1920 justitiae
987 1866 1062 1908 vita
1082 1883 1092 1907 :
1114 1882 1179 1908 seu
1206 1863 1303 1907 fides
1325 1872 1384 1907 est

127 1935 231 1976 radix
250 1937 398 1989 primae,
419 1932 593 1974 secundae
607 1963 618 1980 ,
643 1937 681 1972 et
697 1934 877 1972 eontinuae
893 1932 1034 1981 justitiae
1050 1947 1059 1972 :
1080 1933 1129 1971 ita
1144 1937 1183 1971 ut
1198 1929 1294 1970 nulla
1309 1931 1384 1970 sint

126 1997 305 2047 justorum
325 2008 438 2046 opera
451 2022 462 2044 ‚
486 1995 523 2033 in
540 2007 620 2047 quae
639 1994 732 2034 fides
746 2007 821 2033 non
838 1993 975 2033 influat.

180 2055 372 2099 Abraham
395 2058 500 2109 igitur
514 2057 668 2098 credidit
690 2054 774 2097 Deo
798 2058 956 2109 primum
973 2054 1021 2096 illi
1042 2054 1222 2108 loquenti,
1236 2059 1271 2093 et
1294 2066 1381 2093 eum

124 2122 146 2160 ὲ
166 2121 280 2172 patrio
295 2118 375 2160 solo
395 2119 463 2158 sub
485 2121 626 2171 magnis
643 2118 946 2172 promissionibus
964 2117 1133 2157 evocanti
1150 2130 1159 2154 ε
1184 2128 1273 2166 quas
1294 2114 1381 2154 vide

128 2179 267 2223 Genes.
289 2195 349 2223 ια.
367 2196 403 2222 v.
415 2197 435 2222 2
451 2188 487 2222 et
500 2182 537 2223 3.
552 2189 588 2223 et
606 2181 674 2222 hac
690 2182 762 2223 fide
778 2180 842 2222 sua
863 2183 1015 2235 primam
1031 2179 1167 2231 accepit
1186 2178 1378 2229 justitiam;

127 2262 176 2290 ex
194 2249 329 2302 impio,
349 2255 385 2288 et
401 2253 441 2288 ut
469 2247 596 2289 volunt
619 2249 738 2298 multi,
754 2263 803 2290 ex
819 2244 1003 2288 idololatra
1017 2276 1027 2295 ‚
1048 2245 1162 2286 sactus
1178 2250 1234 2285 est
1250 2246 1378 2296 justus.

182 2306 375 2353 Abraham
391 2307 528 2350 deinde
548 2309 699 2352 credidit
720 2308 805 2352 Deo
830 2306 994 2349 Isaacum
1010 2308 1080 2348 sibi
1100 2306 1324 2361 promittenti
1345 2309 1386 2370 et
