1410 2554
319 50 493 82 ‘rnipmx
522 36 745 82 exrosr'rro'a
773 37 867 91 Cap.
894 36 971 79 IX.
1196 38 1278 85 253

23 105 248 166 creduimm
275 113 456 153 mentium
483 112 596 159 viti03
619 112 702 166 quia
729 107 870 164 nempe
897 107 1051 151 credere
1071 108 1277 153 noluerunt.

76 167 205 231 Iti-'que
221 189 271 217 ex
287 172 339 216 D.
356 173 472 216 Paulo
501 176 626 226 reiecti
643 180 726 215 sunt
742 176 763 215 a
782 173 916 226 justitia
931 170 1057 214 Judaei
1068 204 1079 225 ‚
1101 176 1185 226 quia
1201 188 1278 216 non

25 239 283 288 crediderunt3
313 238 488 288 justitiam
512 237 635 290 adepti
660 243 746 278 sunt
769 234 962 288 Gentiles,
990 237 1073 291 quia
1097 236 1278 278 credide—

22 312 120 347 runt.

78 366 166 421 Non
184 374 304 409 autem
325 367 407 421 quia
429 364 486 405 alii
508 363 554 404 ad
573 363 724 416 gloriam
739 394 752 417 ‚
771 363 830 405 alii
847 364 895 406 ad
911 365 1151 418 opprobrium
1169 366 1291 406 creati·

25 437 62 472 et
80 430 343 483 p'raedestinati.

79 492 156 534 Hic
173 494 282 544 junge
301 491 400 546 quod
419 492 520 531 initio
534 503 613 542 cap.
634 503 713 543 seq.
731 485 935 542 Apostolus
949 496 1027 530 orat
1052 503 1119 544 pro
1137 487 1249 530 Israel
1263 497 1283 542 ‚⁴

27 563 65 599 et
86 558 125 597 in
141 556 216 597 fine
239 569 318 609 cap.
342 570 404 596 11.
423 547 469 597 fi.
492 553 554 603 14.
579 555 712 594 excitat
729 550 839 592 Israel
854 558 895 592 ut
913 550 1079 593 Gentiles
1098 553 1284 597 amulum--¹

24 627 82 685 tur
100 626 136 661 et
157 618 352 660 salventur.

82 681 260 735 Hincque
281 680 427 732 colliges
450 677 549 732 quod
576 692 653 719 non
682 677 829 731 putabat
854 677 933 718 illos
949 658 996 719 ab
1014 683 1148 719 aeterna
1169 677 1282 720 salute

21 746 249 800 reprobatos.

299 842 544 887 corollarium
567 843 774 882 doctrinale
789 842 828 881 in
847 839 941 893 Cap.
962 856 1004 894 9.

119 1006 190 1035 um
213 994 261 1035 'ex
280 992 518 1044 intelligentia
540 991 647 1042 hujus
674 991 800 1041 capitis
825 992 913 1031 noni
933 1004 1065 1044 magna
1084 989 1147 1032 tux
1166 993 1279 1033 oritur

21 1056 69 1098 ad
88 1054 316 1097 difficillimas
333 1054 527 1104 theologiae
548 1047 770 1104 quaestiones
793 1051 990 1093 solvendas
1010 1070 1019 1100 ;
1044 1051 1153 1102 hine,
1171 1055 1278 1095 omni

22 1135 97 1174 quo
117 1122 216 1174 potui
247 1119 368 1160 studio
391 1125 495 1172 caput
514 1117 587 1156 hoc
601 1117 670 1168 legi
685 1123 720 1156 et
739 1116 878 1169 relcgi;
900 1123 935 1157 et
951 1124 990 1158 ut
1018 1117 1109 1159 illius
1131 1133 1274 1168 sensus,

22 1180 146 1222 divina
172 1183 350 1235 aspirante
369 1179 502 1232 gratia,
518 1178 614 1218 mihi
634 1179 759 1217 clarius
780 1180 1052 1228 innotesceret,
1076 1180 1215 1221 attendi
1230 1181 1277 1220 ad

21 1245 166 1302 omnia,
173 1246 209 1283 ·ὲ
227 1244 357 1296 quibus
378 1234 606 1296 possetmihi
622 1252 727 1280 mens
750 1235 960 1292 Apostolica
973 1247 1110 1294 patere.

82 1303 135 1346 1.⁰
157 1302 315 1346 Attendi
335 1303 380 1344 ad
404 1316 555 1356 scopum
574 1299 743 1354 Aposto'‘
728 1316 744 1340 ,ι
762 1302 799 1340 in
817 1308 891 1340 tota
910 1300 979 1342 hac
996 1302 1175 1354 epistola,
1195 1305 1277 1342 sci-

19 1321 104 1412 licelt
127 1372 325 1424 reprimere
351 1369 623 1409 altercationem
644 1362 742 1407 inter
762 1363 915 1407 Judaeos
939 1374 974 1407 et
994 1364 1163 1408 Gentiles
1182 1381 1276 1408 con-

20 1448 148 1487 versos
162 1441 328 1476 exortam
348 1433 396 1474 de
413 1435 486 1473 suis
509 1434 670 1484 ipsorum
689 1432 825 1472 meritis
842 1447 852 1478 ς
873 1433 1022 1484 quinam
1038 1431 1211 1473 illorum?
1228 1445 1276 1472 an

21 1495 169 1545 Judaei,
201 1511 247 1537 an
275 1493 441 1537 Gentiles
469 1491 730 1547 Evangelicam
756 1494 907 1546 gratiam
934 1495 1166 1547 potissimum
1193 1509 1276 1536 me-

19 1558 181 1599 ruerint?

74 1619 197 1672 Huius
215 1622 320 1673 igitur
341 1616 516 1672 Epistolae
532 1618 614 1658 finis
637 1623 692 1658 est
712 1617 846 1658 docere
863 1618 961 1659 unde
977 1620 1112 1670 justitia
1135 1617 1273 1660 Chris-

17 1682 139 1723 tiana?
155 1695 219 1721 seu
237 1679 334 1720 unde.
352 1680 561 1729 justificetur
577 1677 722 1719 homo?

75 1761 114 1786 2.
115 1743 306 1787 ⁰Attendi
324 1750 362 1784 et
379 1744 454 1784 vidi
470 1743 585 1797 quid,
612 1742 658 1782 ad
678 1741 777 1782 hunc
794 1741 907 1782 finem
925 1741 1111 1782 collimans
1125 1770 1136 1793 ,
1151 1740 1273 1784 hacte-

17 1820 87 1847 nus
103 1809 242 1859 peregit
259 1803 472 1860 Apostolus.

73 1864 201 1908 Primo
217 1861 336 1921 capite
355 1867 477 1908 docuit
495 1864 687 1916 Gentiles,
703 1865 791 1918 legis
806 1864 978 1906 naturalis
995 1862 1180 1916 custodia,
1201 1880 1273 1908 nec

17 1927 229 1983 justificatos
258 1931 393 1982 fuisse,
422 1945 492 1972 nec
520 1928 768 1970 Christianam
797 1931 971 1982 justitiam
991 1931 1271 1981 promeruisse·
1254 1959 1271 1981 ‚

19 1995 103 2050 cum
130 1994 197 2047 ipsi
223 1991 470 2045 Philosophi,
492 1989 693 2032 Gentilium
717 1990 996 2044 sapientissimi,
1021 1988 1155 2030 fuerint
1178 2004 1271 2042 pes-

17 2053 100 2094 simi
114 2082 124 2102 ,
146 2059 182 2107 et
198 2055 235 2093 in
257 2051 439 2093 horrenda
455 2053 590 2094 ruerint
608 2051 756 2092 scelera.

71 2111 243 2155 Secundo
259 2117 379 2168 capite
398 2115 520 2155 docuit
532 2127 602 2154 nec
615 2111 639 2154 J
644 2113 770 2154 udaeos
782 2142 794 2163 ‚
813 2111 978 2165 legalium
992 2109 1270 2162 observatione,

17 2175 231 2229 justificatos
251 2192 331 2218 esse
345 2207 356 2229 ‚
374 2192 443 2218 nec
460 2179 632 2228 justitiam
649 2174 894 2218 Christianam
912 2173 1085 2214 meruisse
1101 2186 1111 2219 ς
1131 2174 1214 2212 cum
1232 2178 1271 2212 et:

17 2241 87 2293 ipsi
119 2239 253 2282 fuerint
269 2243 440 2284 omnibus
463 2244 621 2299 peccatis
653 2241 828 2290 obnoxii,
851 2246 889 2280 et
917 2242 962 2279 eb
988 2236 1236 2277 sceleratiores
1253 2265 1270 2287 ,

23 2308 96 2357 quo
114 2306 151 2345 in
166 2305 246 2359 lege
268 2303 344 2348 Dei
360 2305 556 2359 doctiores,
577 2313 614 2347 et
631 2305 678 2347 de
701 2300 783 2347 Dei
802 2301 982 2346 mandatis
1003 2299 1268 2342 instructiores.
