<?xml version="1.0" encoding="UTF-8"?>
<!DOCTYPE html PUBLIC "-//W3C//DTD XHTML 1.0 Transitional//EN"
    "http://www.w3.org/TR/xhtml1/DTD/xhtml1-transitional.dtd">
<html xmlns="http://www.w3.org/1999/xhtml" xml:lang="en" lang="en">
 <head>
  <title>
</title>
<meta http-equiv="Content-Type" content="text/html;charset=utf-8" />
  <meta name='ocr-system' content='tesseract 3.04.00' />
  <meta name='ocr-capabilities' content='ocr_page ocr_carea ocr_par ocr_line ocrx_word'/>
</head>
<body>
  <div class='ocr_page' id='page_1' title='image "./epistolaumbpauli01picq_0308.png"; bbox 0 0 1410 2554; ppageno 0'>
   <div class='ocr_carea' id='block_1_1' title="bbox 151 57 1410 337">
    <p class='ocr_par' dir='ltr' id='par_1_1' title="bbox 154 57 1027 125">
     <span class='ocr_line' id='line_1_1' title="bbox 154 57 1027 125; baseline -0.001 -13"><span class='ocrx_word' id='word_1_1' title='bbox 154 68 237 122; x_wconf 73' lang='lat'>264</span> <span class='ocrx_word' id='word_1_2' title='bbox 525 57 728 119; x_wconf 60' lang='lat' dir='ltr'>nes-romi,</span> <span class='ocrx_word' id='word_1_3' title='bbox 745 81 807 123; x_wconf 32' lang='lat' dir='ltr'>An·</span> <span class='ocrx_word' id='word_1_4' title='bbox 818 81 1027 125; x_wconf 62' lang='lat' dir='ltr'>⁴nummos</span> 
     </span>
    </p>

    <p class='ocr_par' dir='ltr' id='par_1_2' title="bbox 151 135 1410 337">
     <span class='ocr_line' id='line_1_2' title="bbox 209 135 1410 194; baseline 0 -12"><span class='ocrx_word' id='word_1_5' title='bbox 209 141 251 182; x_wconf 90' lang='grc'>8.</span> <span class='ocrx_word' id='word_1_6' title='bbox 281 137 365 182; x_wconf 80' lang='lat' dir='ltr'>Sed</span> <span class='ocrx_word' id='word_1_7' title='bbox 383 137 488 194; x_wconf 88' lang='lat' dir='ltr'>quid</span> <span class='ocrx_word' id='word_1_8' title='bbox 510 136 614 181; x_wconf 86' lang='lat' dir='ltr'>dicit</span> <span class='ocrx_word' id='word_1_9' title='bbox 631 135 847 192; x_wconf 81' lang='lat' dir='ltr'>Scriptura</span> <span class='ocrx_word' id='word_1_10' title='bbox 865 143 883 182; x_wconf 75' lang='grc' dir='ltr'>ἐ’</span> <span class='ocrx_word' id='word_1_11' title='bbox 903 137 1050 193; x_wconf 64' lang='lat' dir='ltr'>Prope</span> <span class='ocrx_word' id='word_1_12' title='bbox 1075 146 1138 182; x_wconf 86' lang='lat' dir='ltr'>est</span> <span class='ocrx_word' id='word_1_13' title='bbox 1155 135 1331 182; x_wconf 87' lang='lat' dir='ltr'>verbum</span> <span class='ocrx_word' id='word_1_14' title='bbox 1362 136 1410 182; x_wconf 87' lang='lat' dir='ltr'>in</span> 
     </span>
     <span class='ocr_line' id='line_1_3' title="bbox 152 206 1408 266; baseline 0.002 -14"><span class='ocrx_word' id='word_1_15' title='bbox 152 223 226 253; x_wconf 88' lang='lat' dir='ltr'>ore</span> <span class='ocrx_word' id='word_1_16' title='bbox 240 216 314 252; x_wconf 81' lang='lat' dir='ltr'>tuo</span> <span class='ocrx_word' id='word_1_17' title='bbox 329 242 340 261; x_wconf 89' lang='lat'><strong>‚</strong></span> <span class='ocrx_word' id='word_1_18' title='bbox 359 217 401 253; x_wconf 85' lang='lat' dir='ltr'>et</span> <span class='ocrx_word' id='word_1_19' title='bbox 420 207 466 253; x_wconf 88' lang='lat' dir='ltr'>in</span> <span class='ocrx_word' id='word_1_20' title='bbox 488 207 615 253; x_wconf 89' lang='lat' dir='ltr'>corde</span> <span class='ocrx_word' id='word_1_21' title='bbox 635 216 732 252; x_wconf 82' lang='lat' dir='ltr'>tuo:</span> <span class='ocrx_word' id='word_1_22' title='bbox 752 206 835 252; x_wconf 91' lang='lat' dir='ltr'>hoc</span> <span class='ocrx_word' id='word_1_23' title='bbox 854 216 917 253; x_wconf 82' lang='lat' dir='ltr'>est</span> <span class='ocrx_word' id='word_1_24' title='bbox 941 207 1120 253; x_wconf 84' lang='lat' dir='ltr'>verbum</span> <span class='ocrx_word' id='word_1_25' title='bbox 1142 208 1240 254; x_wconf 81' lang='lat' dir='ltr'>fidei</span> <span class='ocrx_word' id='word_1_26' title='bbox 1258 244 1270 265; x_wconf 91' lang='lat'>,</span> <span class='ocrx_word' id='word_1_27' title='bbox 1290 209 1408 266; x_wconf 83' lang='lat' dir='ltr'>quod</span> 
     </span>
     <span class='ocr_line' id='line_1_4' title="bbox 151 278 444 337; baseline -0.003 -12"><span class='ocrx_word' id='word_1_28' title='bbox 151 278 444 337; x_wconf 74' lang='lat' dir='ltr'>praedicamus.</span> 
     </span>
    </p>
   </div>
   <div class='ocr_carea' id='block_1_2' title="bbox 148 451 1405 650">
    <p class='ocr_par' dir='ltr' id='par_1_3' title="bbox 148 451 1405 650">
     <span class='ocr_line' id='line_1_5' title="bbox 206 451 1402 514; baseline 0 -18"><span class='ocrx_word' id='word_1_29' title='bbox 206 474 251 514; x_wconf 81' lang='lat'>9.</span> <span class='ocrx_word' id='word_1_30' title='bbox 272 453 383 508; x_wconf 83' lang='lat' dir='ltr'><strong>Quia</strong></span> <span class='ocrx_word' id='word_1_31' title='bbox 399 451 433 498; x_wconf 92' lang='lat' dir='ltr'>si</span> <span class='ocrx_word' id='word_1_32' title='bbox 453 451 696 497; x_wconf 80' lang='lat' dir='ltr'>confitearis</span> <span class='ocrx_word' id='word_1_33' title='bbox 714 451 755 496; x_wconf 92' lang='lat' dir='ltr'>in</span> <span class='ocrx_word' id='word_1_34' title='bbox 775 468 847 496; x_wconf 87' lang='lat' dir='ltr'>ore</span> <span class='ocrx_word' id='word_1_35' title='bbox 865 461 937 496; x_wconf 87' lang='lat' dir='ltr'>tuo</span> <span class='ocrx_word' id='word_1_36' title='bbox 957 451 1200 496; x_wconf 88' lang='lat' dir='ltr'>Dominum</span> <span class='ocrx_word' id='word_1_37' title='bbox 1224 451 1376 497; x_wconf 84' lang='lat' dir='ltr'>Jesum</span> <span class='ocrx_word' id='word_1_38' title='bbox 1390 485 1402 504; x_wconf 90' lang='lat'>‚</span> 
     </span>
     <span class='ocr_line' id='line_1_6' title="bbox 150 522 1405 579; baseline 0 -11"><span class='ocrx_word' id='word_1_39' title='bbox 150 523 254 569; x_wconf 84' lang='lat' dir='ltr'>etin</span> <span class='ocrx_word' id='word_1_40' title='bbox 274 523 483 568; x_wconf 84' lang='lat' dir='ltr'>cordetuo</span> <span class='ocrx_word' id='word_1_41' title='bbox 500 522 728 567; x_wconf 83' lang='lat' dir='ltr'>credideris</span> <span class='ocrx_word' id='word_1_42' title='bbox 744 556 755 577; x_wconf 89' lang='lat'>‚</span> <span class='ocrx_word' id='word_1_43' title='bbox 777 522 892 579; x_wconf 80' lang='lat' dir='ltr'>quod</span> <span class='ocrx_word' id='word_1_44' title='bbox 910 522 1032 567; x_wconf 89' lang='lat' dir='ltr'>Deus</span> <span class='ocrx_word' id='word_1_45' title='bbox 1049 522 1170 566; x_wconf 82' lang='lat' dir='ltr'>illum</span> <span class='ocrx_word' id='word_1_46' title='bbox 1187 522 1405 574; x_wconf 70' lang='lat' dir='ltr'>suscitavit</span> 
     </span>
     <span class='ocr_line' id='line_1_7' title="bbox 148 593 678 650; baseline -0.006 -9"><span class='ocrx_word' id='word_1_47' title='bbox 148 597 174 641; x_wconf 71' lang='grc' dir='ltr'>ὲ</span> <span class='ocrx_word' id='word_1_48' title='bbox 198 593 377 640; x_wconf 87' lang='lat' dir='ltr'>mortuis</span> <span class='ocrx_word' id='word_1_49' title='bbox 392 629 404 650; x_wconf 92' lang='lat'>,</span> <span class='ocrx_word' id='word_1_50' title='bbox 426 594 566 640; x_wconf 84' lang='lat' dir='ltr'>salvus</span> <span class='ocrx_word' id='word_1_51' title='bbox 582 594 678 639; x_wconf 85' lang='lat' dir='ltr'>eris.</span> 
     </span>
    </p>
   </div>
   <div class='ocr_carea' id='block_1_3' title="bbox 144 702 1404 1172">
    <p class='ocr_par' dir='ltr' id='par_1_4' title="bbox 149 702 1404 819">
     <span class='ocr_line' id='line_1_8' title="bbox 207 702 1404 759; baseline 0.001 -11"><span class='ocrx_word' id='word_1_52' title='bbox 207 722 272 748; x_wconf 86' lang='lat'>10.</span> <span class='ocrx_word' id='word_1_53' title='bbox 305 703 446 748; x_wconf 86' lang='lat' dir='ltr'><strong>Corde</strong></span> <span class='ocrx_word' id='word_1_54' title='bbox 470 703 586 747; x_wconf 86' lang='lat' dir='ltr'>enim</span> <span class='ocrx_word' id='word_1_55' title='bbox 613 702 798 747; x_wconf 84' lang='lat' dir='ltr'>creditur</span> <span class='ocrx_word' id='word_1_56' title='bbox 813 703 868 747; x_wconf 76' lang='lat' dir='ltr'>a&#39;d</span> <span class='ocrx_word' id='word_1_57' title='bbox 895 702 1102 759; x_wconf 74' lang='lat' dir='ltr'>justitiam</span> <span class='ocrx_word' id='word_1_58' title='bbox 1117 720 1129 744; x_wconf 72' lang='lat' dir='ltr'>t</span> <span class='ocrx_word' id='word_1_59' title='bbox 1162 720 1235 750; x_wconf 88' lang='lat' dir='ltr'>ore</span> <span class='ocrx_word' id='word_1_60' title='bbox 1259 713 1404 749; x_wconf 80' lang='lat' dir='ltr'>autem</span> 
     </span>
     <span class='ocr_line' id='line_1_9' title="bbox 149 773 714 819; baseline 0.002 -1"><span class='ocrx_word' id='word_1_61' title='bbox 149 773 360 819; x_wconf 82' lang='lat' dir='ltr'>confessio</span> <span class='ocrx_word' id='word_1_62' title='bbox 380 775 427 818; x_wconf 76' lang='lat' dir='ltr'>fit</span> <span class='ocrx_word' id='word_1_63' title='bbox 448 773 502 817; x_wconf 87' lang='lat' dir='ltr'>ad</span> <span class='ocrx_word' id='word_1_64' title='bbox 518 775 714 819; x_wconf 81' lang='lat' dir='ltr'>salutem.</span> 
     </span>
    </p>

    <p class='ocr_par' dir='ltr' id='par_1_5' title="bbox 150 842 1400 960">
     <span class='ocr_line' id='line_1_10' title="bbox 209 842 1400 900; baseline -0.002 -11"><span class='ocrx_word' id='word_1_65' title='bbox 209 863 227 888; x_wconf 87' lang='lat'>1</span> <span class='ocrx_word' id='word_1_66' title='bbox 237 864 273 889; x_wconf 89' lang='lat'>1.</span> <span class='ocrx_word' id='word_1_67' title='bbox 282 843 404 888; x_wconf 86' lang='lat' dir='ltr'>Dicit</span> <span class='ocrx_word' id='word_1_68' title='bbox 415 842 529 889; x_wconf 81' lang='lat' dir='ltr'>enim</span> <span class='ocrx_word' id='word_1_69' title='bbox 541 845 759 899; x_wconf 79' lang='lat' dir='ltr'>Scriptura</span> <span class='ocrx_word' id='word_1_70' title='bbox 771 863 781 887; x_wconf 88' lang='lat'>:</span> <span class='ocrx_word' id='word_1_71' title='bbox 794 842 1054 900; x_wconf 52' lang='lat' dir='ltr'>Omnis2qui</span> <span class='ocrx_word' id='word_1_72' title='bbox 1066 845 1196 891; x_wconf 86' lang='lat' dir='ltr'>credit</span> <span class='ocrx_word' id='word_1_73' title='bbox 1210 842 1255 896; x_wconf 76' lang='lat' dir='ltr'>in</span> <span class='ocrx_word' id='word_1_74' title='bbox 1265 843 1400 900; x_wconf 68' lang='lat' dir='ltr'>illum,</span> 
     </span>
     <span class='ocr_line' id='line_1_11' title="bbox 150 914 554 960; baseline 0.002 -2"><span class='ocrx_word' id='word_1_75' title='bbox 150 931 239 959; x_wconf 91' lang='lat' dir='ltr'>non</span> <span class='ocrx_word' id='word_1_76' title='bbox 257 914 554 960; x_wconf 73' lang='lat' dir='ltr'>confundetur.</span> 
     </span>
    </p>

    <p class='ocr_par' dir='ltr' id='par_1_6' title="bbox 144 984 1403 1172">
     <span class='ocr_line' id='line_1_12' title="bbox 207 984 1400 1032; baseline 0 -1"><span class='ocrx_word' id='word_1_77' title='bbox 207 1006 270 1031; x_wconf 75' lang='grc' dir='ltr'>υ.</span> <span class='ocrx_word' id='word_1_78' title='bbox 290 985 392 1030; x_wconf 90' lang='lat' dir='ltr'>Non</span> <span class='ocrx_word' id='word_1_79' title='bbox 411 984 525 1030; x_wconf 83' lang='lat' dir='ltr'>enim</span> <span class='ocrx_word' id='word_1_80' title='bbox 557 995 620 1030; x_wconf 85' lang='lat' dir='ltr'>est</span> <span class='ocrx_word' id='word_1_81' title='bbox 639 985 848 1030; x_wconf 84' lang='lat' dir='ltr'>distinctio</span> <span class='ocrx_word' id='word_1_82' title='bbox 870 985 1004 1030; x_wconf 87' lang='lat' dir='ltr'>Judaei</span> <span class='ocrx_word' id='word_1_83' title='bbox 1029 995 1070 1030; x_wconf 86' lang='lat' dir='ltr'>et</span> <span class='ocrx_word' id='word_1_84' title='bbox 1092 985 1236 1032; x_wconf 84' lang='lat' dir='ltr'>Graeci</span> <span class='ocrx_word' id='word_1_85' title='bbox 1253 1004 1266 1028; x_wconf 85' lang='lat'><em>=</em></span> <span class='ocrx_word' id='word_1_86' title='bbox 1297 1002 1400 1031; x_wconf 76' lang='lat' dir='ltr'>nam</span> 
     </span>
     <span class='ocr_line' id='line_1_13' title="bbox 144 1054 1403 1111; baseline 0.001 -12"><span class='ocrx_word' id='word_1_87' title='bbox 144 1054 261 1100; x_wconf 86' lang='lat' dir='ltr'>idem</span> <span class='ocrx_word' id='word_1_88' title='bbox 281 1055 499 1101; x_wconf 87' lang='lat' dir='ltr'>Dominus</span> <span class='ocrx_word' id='word_1_89' title='bbox 512 1056 730 1110; x_wconf 88' lang='lat' dir='ltr'>omnium,</span> <span class='ocrx_word' id='word_1_90' title='bbox 749 1055 866 1099; x_wconf 85' lang='lat' dir='ltr'>dives</span> <span class='ocrx_word' id='word_1_91' title='bbox 883 1056 928 1099; x_wconf 91' lang='lat' dir='ltr'>in</span> <span class='ocrx_word' id='word_1_92' title='bbox 946 1072 1093 1100; x_wconf 87' lang='lat' dir='ltr'>omnes</span> <span class='ocrx_word' id='word_1_93' title='bbox 1112 1055 1184 1111; x_wconf 85' lang='lat' dir='ltr'>qui</span> <span class='ocrx_word' id='word_1_94' title='bbox 1201 1055 1403 1101; x_wconf 81' lang='lat' dir='ltr'>invocant</span> 
     </span>
     <span class='ocr_line' id='line_1_14' title="bbox 144 1124 283 1172; baseline 0.022 -3"><span class='ocrx_word' id='word_1_95' title='bbox 144 1124 283 1172; x_wconf 83' lang='lat' dir='ltr'>illum.</span> 
     </span>
    </p>
   </div>
   <div class='ocr_carea' id='block_1_4' title="bbox 146 1283 1408 1628">
    <p class='ocr_par' dir='ltr' id='par_1_7' title="bbox 146 1283 1401 1411">
     <span class='ocr_line' id='line_1_15' title="bbox 205 1283 1401 1340; baseline 0.001 -9"><span class='ocrx_word' id='word_1_96' title='bbox 205 1289 268 1331; x_wconf 78' lang='lat'>13.</span> <span class='ocrx_word' id='word_1_97' title='bbox 290 1284 452 1330; x_wconf 89' lang='lat' dir='ltr'>Omnis</span> <span class='ocrx_word' id='word_1_98' title='bbox 487 1283 600 1328; x_wconf 87' lang='lat' dir='ltr'>enim</span> <span class='ocrx_word' id='word_1_99' title='bbox 620 1317 635 1337; x_wconf 88' lang='lat'><strong><em>,</em></strong></span> <span class='ocrx_word' id='word_1_100' title='bbox 670 1283 927 1340; x_wconf 75' lang='lat' dir='ltr'>quicumque</span> <span class='ocrx_word' id='word_1_101' title='bbox 949 1283 1207 1330; x_wconf 83' lang='lat' dir='ltr'>invocaverit</span> <span class='ocrx_word' id='word_1_102' title='bbox 1237 1301 1401 1332; x_wconf 84' lang='lat' dir='ltr'>nomen</span> 
     </span>
     <span class='ocr_line' id='line_1_16' title="bbox 146 1355 625 1411; baseline -0.004 -8"><span class='ocrx_word' id='word_1_103' title='bbox 146 1356 349 1411; x_wconf 89' lang='lat' dir='ltr'>Domini,</span> <span class='ocrx_word' id='word_1_104' title='bbox 371 1355 510 1401; x_wconf 80' lang='lat' dir='ltr'>salvus</span> <span class='ocrx_word' id='word_1_105' title='bbox 534 1356 625 1401; x_wconf 86' lang='lat' dir='ltr'>erit.</span> 
     </span>
    </p>

    <p class='ocr_par' dir='ltr' id='par_1_8' title="bbox 147 1426 1408 1628">
     <span class='ocr_line' id='line_1_17' title="bbox 204 1426 1406 1485; baseline -0.001 -13"><span class='ocrx_word' id='word_1_106' title='bbox 204 1433 268 1482; x_wconf 73' lang='lat'>14.</span> <span class='ocrx_word' id='word_1_107' title='bbox 281 1427 481 1483; x_wconf 89' lang='lat' dir='ltr'>Quomod</span> <span class='ocrx_word' id='word_1_108' title='bbox 489 1442 617 1485; x_wconf 88' lang='lat' dir='ltr'>oergo</span> <span class='ocrx_word' id='word_1_109' title='bbox 626 1426 900 1482; x_wconf 82' lang='lat' dir='ltr'>invocabunt,</span> <span class='ocrx_word' id='word_1_110' title='bbox 911 1427 956 1471; x_wconf 89' lang='lat' dir='ltr'>in</span> <span class='ocrx_word' id='word_1_111' title='bbox 967 1444 1094 1483; x_wconf 82' lang='lat' dir='ltr'>quem</span> <span class='ocrx_word' id='word_1_112' title='bbox 1105 1443 1192 1471; x_wconf 90' lang='lat' dir='ltr'>non</span> <span class='ocrx_word' id='word_1_113' title='bbox 1205 1426 1406 1475; x_wconf 49' lang='lat' dir='ltr'>credid&amp;</span> 
     </span>
     <span class='ocr_line' id='line_1_18' title="bbox 147 1495 1408 1555; baseline -0.002 -10"><span class='ocrx_word' id='word_1_114' title='bbox 147 1499 280 1546; x_wconf 83' lang='lat' dir='ltr'>runt?</span> <span class='ocrx_word' id='word_1_115' title='bbox 298 1501 382 1544; x_wconf 87' lang='lat' dir='ltr'>Aut</span> <span class='ocrx_word' id='word_1_116' title='bbox 399 1498 617 1555; x_wconf 90' lang='lat' dir='ltr'>quomodo</span> <span class='ocrx_word' id='word_1_117' title='bbox 641 1497 814 1542; x_wconf 87' lang='lat' dir='ltr'>credent</span> <span class='ocrx_word' id='word_1_118' title='bbox 829 1497 867 1541; x_wconf 88' lang='lat' dir='ltr'>ei</span> <span class='ocrx_word' id='word_1_119' title='bbox 879 1531 891 1551; x_wconf 89' lang='lat'>‚</span> <span class='ocrx_word' id='word_1_120' title='bbox 909 1513 1036 1553; x_wconf 84' lang='lat' dir='ltr'>quem</span> <span class='ocrx_word' id='word_1_121' title='bbox 1056 1513 1142 1540; x_wconf 90' lang='lat' dir='ltr'>non</span> <span class='ocrx_word' id='word_1_122' title='bbox 1159 1495 1408 1542; x_wconf 65' lang='lat' dir='ltr'>audierunt?</span> 
     </span>
     <span class='ocr_line' id='line_1_19' title="bbox 151 1568 1156 1628; baseline -0.006 -10"><span class='ocrx_word' id='word_1_123' title='bbox 151 1573 379 1628; x_wconf 90' lang='lat' dir='ltr'>Quomodo</span> <span class='ocrx_word' id='word_1_124' title='bbox 397 1581 541 1618; x_wconf 73' lang='lat' dir='ltr'>autem</span> <span class='ocrx_word' id='word_1_125' title='bbox 560 1570 732 1615; x_wconf 81' lang='lat' dir='ltr'>audient</span> <span class='ocrx_word' id='word_1_126' title='bbox 755 1569 847 1615; x_wconf 85' lang='lat' dir='ltr'>sine</span> <span class='ocrx_word' id='word_1_127' title='bbox 868 1568 1122 1625; x_wconf 72' lang='lat' dir='ltr'>praedicante</span> <span class='ocrx_word' id='word_1_128' title='bbox 1139 1573 1156 1612; x_wconf 68' lang='grc' dir='ltr'>Ρ</span> 
     </span>
    </p>
   </div>
   <div class='ocr_carea' id='block_1_5' title="bbox 150 1675 1407 1881">
    <p class='ocr_par' dir='ltr' id='par_1_9' title="bbox 150 1675 1407 1881">
     <span class='ocr_line' id='line_1_20' title="bbox 209 1675 1407 1740; baseline -0.008 -11"><span class='ocrx_word' id='word_1_129' title='bbox 209 1689 272 1730; x_wconf 87' lang='grc' dir='ltr'>ι5.</span> <span class='ocrx_word' id='word_1_130' title='bbox 291 1683 518 1740; x_wconf 85' lang='lat' dir='ltr'>Quomodo</span> <span class='ocrx_word' id='word_1_131' title='bbox 538 1685 637 1727; x_wconf 73' lang='lat' dir='ltr'>vero</span> <span class='ocrx_word' id='word_1_132' title='bbox 658 1680 943 1737; x_wconf 73' lang='lat' dir='ltr'>praedicabunt</span> <span class='ocrx_word' id='word_1_133' title='bbox 963 1678 1044 1724; x_wconf 83' lang='lat' dir='ltr'>nisi</span> <span class='ocrx_word' id='word_1_134' title='bbox 1067 1678 1317 1723; x_wconf 81' lang='lat' dir='ltr'>mittantur?</span> <span class='ocrx_word' id='word_1_135' title='bbox 1335 1675 1407 1723; x_wconf 79' lang='lat' dir='ltr'>si-&#39;</span> 
     </span>
     <span class='ocr_line' id='line_1_21' title="bbox 151 1746 1401 1812; baseline -0.008 -11"><span class='ocrx_word' id='word_1_136' title='bbox 151 1766 221 1801; x_wconf 90' lang='lat' dir='ltr'>cut</span> <span class='ocrx_word' id='word_1_137' title='bbox 238 1757 445 1812; x_wconf 86' lang='lat' dir='ltr'>scriptum</span> <span class='ocrx_word' id='word_1_138' title='bbox 476 1765 561 1800; x_wconf 84' lang='lat' dir='ltr'>est:</span> <span class='ocrx_word' id='word_1_139' title='bbox 583 1754 730 1811; x_wconf 54' lang='lat' dir='ltr'>Quum</span> <span class='ocrx_word' id='word_1_140' title='bbox 753 1750 934 1808; x_wconf 81' lang='lat' dir='ltr'>speciosi</span> <span class='ocrx_word' id='word_1_141' title='bbox 959 1750 1085 1806; x_wconf 82' lang='lat' dir='ltr'>pedes</span> <span class='ocrx_word' id='word_1_142' title='bbox 1104 1746 1401 1807; x_wconf 78' lang='lat' dir='ltr'>evangelizan-</span> 
     </span>
     <span class='ocr_line' id='line_1_22' title="bbox 150 1820 998 1881; baseline -0.007 -11"><span class='ocrx_word' id='word_1_143' title='bbox 150 1824 259 1870; x_wconf 80' lang='lat' dir='ltr'>tium</span> <span class='ocrx_word' id='word_1_144' title='bbox 282 1841 454 1881; x_wconf 82' lang='lat' dir='ltr'>pacem,</span> <span class='ocrx_word' id='word_1_145' title='bbox 475 1820 849 1881; x_wconf 78' lang='lat' dir='ltr'>evangelizantium</span> <span class='ocrx_word' id='word_1_146' title='bbox 864 1821 998 1866; x_wconf 81' lang='lat' dir='ltr'>bona!</span> 
     </span>
    </p>
   </div>
   <div class='ocr_carea' id='block_1_6' title="bbox 151 2003 1403 2138">
    <p class='ocr_par' dir='ltr' id='par_1_10' title="bbox 151 2003 1403 2138">
     <span class='ocr_line' id='line_1_23' title="bbox 211 2003 1403 2067; baseline -0.006 -12"><span class='ocrx_word' id='word_1_147' title='bbox 211 2013 276 2055; x_wconf 82' lang='lat'>16.</span> <span class='ocrx_word' id='word_1_148' title='bbox 294 2010 379 2055; x_wconf 86' lang='lat' dir='ltr'>Sed</span> <span class='ocrx_word' id='word_1_149' title='bbox 399 2027 487 2056; x_wconf 91' lang='lat' dir='ltr'>non</span> <span class='ocrx_word' id='word_1_150' title='bbox 505 2027 652 2056; x_wconf 83' lang='lat' dir='ltr'>omncs</span> <span class='ocrx_word' id='word_1_151' title='bbox 667 2009 869 2056; x_wconf 86' lang='lat' dir='ltr'>obediunt</span> <span class='ocrx_word' id='word_1_152' title='bbox 883 2007 1130 2067; x_wconf 77' lang='lat' dir='ltr'>Evangelio.</span> <span class='ocrx_word' id='word_1_153' title='bbox 1146 2004 1273 2052; x_wconf 70' lang='lat' dir='ltr'>isaias</span> <span class='ocrx_word' id='word_1_154' title='bbox 1287 2003 1403 2050; x_wconf 85' lang='lat' dir='ltr'>cuim</span> 
     </span>
     <span class='ocr_line' id='line_1_24' title="bbox 151 2076 1197 2138; baseline -0.002 -15"><span class='ocrx_word' id='word_1_155' title='bbox 151 2080 254 2126; x_wconf 74' lang='lat' dir='ltr'>dicit</span> <span class='ocrx_word' id='word_1_156' title='bbox 273 2100 283 2124; x_wconf 73' lang='grc' dir='ltr'><strong>ε</strong></span> <span class='ocrx_word' id='word_1_157' title='bbox 309 2079 509 2138; x_wconf 82' lang='lat' dir='ltr'>Domine,</span> <span class='ocrx_word' id='word_1_158' title='bbox 530 2080 624 2136; x_wconf 88' lang='lat' dir='ltr'>quis</span> <span class='ocrx_word' id='word_1_159' title='bbox 648 2079 818 2125; x_wconf 82' lang='lat' dir='ltr'>credidit</span> <span class='ocrx_word' id='word_1_160' title='bbox 841 2078 1002 2125; x_wconf 84' lang='lat' dir='ltr'>auditui</span> <span class='ocrx_word' id='word_1_161' title='bbox 1020 2076 1197 2125; x_wconf 85' lang='lat' dir='ltr'>nostro?</span> 
     </span>
    </p>
   </div>
  </div>
 </body>
</html>
