1410 2554
301 34 483 65 rnremx
509 33 734 67 exrosmo.
751 21 845 74 Cap.
866 21 967 63 XII.
1198 23 1284 81 3²9

26 92 122 139 totus
141 100 182 136 ut
195 93 423 136 attendamus
440 93 487 135 ad
505 89 715 152 Dominum
727 124 740 146 ,
763 96 822 137 cui
838 95 1019 135 servimus
1040 107 1050 143 ;
1072 91 1156 136 Deo
1173 96 1283 137 scili-

26 161 88 200 cet
102 185 116 200 ,
127 151 347 207 Christoque
364 157 556 196 servimus.

82 212 236 258 Graecus
254 223 290 258 te
298 224 374 258 <tus
392 220 429 258 in
449 215 655 270 polyglotta
683 215 793 258 habet
808 220 862 256 τῶ
881 228 991 269 ampo
1009 214 1281 272 ἓουλεῦοντεε,

25 278 186 336 tempori
218 282 435 322 servientes.
458 277 680 320 Ambrosius
709 275 826 332 legit,
858 282 1019 332 tempori
1049 283 1252 325 servientes
1265 311 1281 335 ‚

27 344 129 398 quod
150 341 306 384 Erasmo
326 343 438 393 tnagis
456 341 602 382 arridet.

84 402 164 447 Sed
175 404 292 459 Syrus
305 411 341 444 et
353 417 482 443 omnes
496 403 574 442 atiae
587 403 776 443 versiones
789 402 940 454 habent,
950 403 1115 446 Domino
1124 409 1285 450 servien-

26 465 435 521 tes-Dsshrysostomus
447 467 606 506 Domino
616 467 819 506 servientes.
828 465 1059 510 Theodoreh
1066 468 1285 524 Theophyl.

26 531 128 575 idem
147 547 157 572 :
179 534 318 573 bonum
350 537 472 571 tamen
506 541 655 570 sensum
671 536 792 581 potest
828 529 966 572 habere
983 561 996 581 ‚
1018 534 1176 586 tempori
1191 550 1282 577 ser-

27 595 192 640 viente53
207 594 308 647 quasi
320 593 478 634 diceret:
494 589 552 631 Ne
565 590 688 631 fervor
706 597 828 631 vester
839 594 886 632 sit
899 593 1112 645 imprudens
1125 625 1136 645 ‚
1163 596 1280 639 nituit-

29 669 103 711 que
119 658 321 706 incongruo
337 659 504 706 tempore
526 652 775 704 aggrediatur;
792 653 859 694 sed
872 658 1048 708 temporis
1063 661 1280 710 opportuni-

29 727 143 763 tatem
159 722 196 760 in
211 721 381 760 omnibus
398 723 549 771 captate.

84 774 132 823 Ῠ.
154 794 216 819 12.
230 780 301 832 Spe
313 779 512 830 gaudentes
537 794 549 818 ε
564 776 644 831 Syr.
663 779 817 831 gaudete
837 781 874 820 in
894 794 962 834 spe
980 790 1124 832 vestrm
1143 786 1181 826 id
1201 794 1279 838 est,

28 843 184 896 gaudete
200 844 330 884 intuitu
352 842 529 897 mercedis
548 848 694 883 oeternae
713 858 723 882 :
752 841 855 883 Deus
872 872 883 891 ,
904 848 960 886 cui
982 850 1162 890 servimus
1177 879 1187 898 ‚
1211 854 1284 892 erit

31 920 169 944 merces
184 911 309 943 noso-a
331 919 469 954 magna
486 905 600 943 m'an's
614 918 627 942 .·
647 903 715 943 hac
733 917 801 956 spe
818 907 986 957 gaudete.

84 970 133 1010 Iu
156 970 392 1008 tribulatione
412 970 594 1020 pallentes
612 984 624 1007 .-
655 967 737 1022 Syr.
757 974 934 1012 sustinete
954 982 1092 1016 vestras
1115 992 1281 1032 oppres-

26 1029 153 1071 siones
170 1042 179 1077 ;
200 1026 236 1068 id
251 1034 323 1075 est,
347 1026 430 1067 haee
445 1041 528 1081 spes
543 1042 612 1068 vos
626 1027 736 1071 sortes
749 1031 876 1072 reddet
895 1040 931 1073 et
953 1036 989 1073 in
1003 1039 1104 1078 omni
1126 1040 1283 1083 tributa-

29 1092 129 1131 tione
149 1091 339 1143 patientes.
820 1137 827 1144 ι

30 1190 34 1194 ,
88 1151 266 1191 Orationi
282 1151 491 1199 instantes:
508 1151 545 1192 id
562 1159 631 1200 est,
646 1152 724 1193 haec
742 1153 871 1194 eadem
885 1169 970 1208 spes
985 1156 1138 1201 sacietet
1154 1166 1285 1213 gemi-

27 1216 128 1258 tibus
156 1214 356 1261 continuis,
377 1219 412 1253 et
433 1214 728 1254 inenarrabilibus
755 1223 929 1256 aeternam
952 1216 1046 1258 hanc
1076 1221 1285 1269 felicitatem

29 1275 250 1317 desiderare.

86 1335 156 1378 vet
169 1342 207 1377 ut
226 1335 306 1376 haec
323 1336 518 1376 obtineatis
532 1366 542 1384 ‚
562 1337 716 1377 orationi
735 1343 852 1377 estote
871 1340 1060 1382 instantes,

82 1397 182 1442 Tres
203 1398 276 1440 hoc
302 1400 417 1439 verbo
445 1398 803 1452 comprehenduntur
835 1405 1006 1444 orationis
1029 1407 1286 1452 conditiones:

29 1463 76 1503 sit
97 1465 155 1516 pia
175 1468 211 1502 et
228 1460 421 1502 affectuosa
437 1490 447 1510 ‚
468 1464 514 1503 sit
530 1461 575 1500 de
594 1462 691 1502 read
713 1463 863 1504 satutem
885 1463 1108 1521 pertinente,
1128 1473 1173 1513 sit
1191 1486 1285 1526 per-

30 1538 203 1566 seven-ms
225 1530 261 1564 et
278 1523 431 1563 assidua.

87 1584 140 1637 Y.
171 1585 233 1626 13.
261 1585 556 1638 Necessiamfbus
572 1594 787 1624 sanctorum
816 1592 1162 1634 communicantes..
1195 1601 1285 1635 tan-

30 1654 164 1704 guntur
192 1647 254 1687 hic
276 1655 310 1688 et
331 1650 370 1688 in
390 1649 629 1700 sequentibus
660 1651 827 1689 versibus
848 1658 998 1693 externa
1027 1653 1209 1698 charitatis
1238 1660 1288 1702 ad

29 1713 242 1766 proximum
257 1710 379 1750 officia
394 1727 403 1751 :
421 1712 518 1750 varia
539 1716 622 1750 sunt
645 1725 716 1764 pro
738 1715 910 1754 varietate
936 1718 1064 1757 status.

87 1769 134 1814 Si
155 1775 200 1812 sit
229 1775 267 1813 in
288 1774 503 1813 necessitate
529 1780 563 1812 ct
583 1773 760 1824 indigeat,
786 1777 895 1827 ipsius
911 1778 1120 1831 indigentiae
1141 1783 1288 1825 subve-

30 1837 131 1885 nite,
153 1849 284 1889 resque
309 1842 446 1876 vestras
466 1835 511 1875 itti
529 1849 744 1877 communes
762 1837 882 1879 facite.

16 1908 24 1917 ‘
87 1899 310 1938 Sanctorum
325 1927 338 1947 ,
364 1899 401 1938 id
418 1906 492 1946 cst,
513 1895 803 1941 Christianorum
822 1917 831 1940 :
861 1904 912 1942 sic
934 1905 1159 1948 vocabantur
1173 1939 1184 1960 ‚
1202 1914 1287 1964 qnia

31 1973 99 2012 pet·
114 1956 344 2012 Baptismum
367 1961 481 2000 sancti
498 1966 600 2000 erant
616 1960 737 2001 effecti
757 1968 792 2001 et
808 1960 893 2003 Deo
907 1972 1120 2009 consecrati.

88 2019 387 2061 Necessitalibus
473 2024 818 2071 commum'cantes;
844 2023 926 2078 Syr.
954 2030 1144 2082 participes
1170 2039 1293 2077 estote

32 2081 247 2134 indigentiae
269 2089 500 2127 sanctorum;
533 2084 631 2135 quasi
652 2083 789 2124 diceret
811 2101 819 2124 :
842 2084 991 2128 Divites
1014 2096 1292 2139 communicent

34 2145 171 2196 inopiae
189 2158 408 2198 pauperum,
424 2152 458 2184 ct
477 2159 652 2199 pauperes
669 2152 942 2190 communicent
966 2153 1121 2194 divitum
1145 2160 1260 2209 copiae
1276 2174 1288 2207 ς

33 2208 161 2260 sicque
185 2206 307 2248 sictut
329 2221 504 2261 pauperes
533 2223 578 2248 ex
600 2210 851 2252 beneficentia.
877 2213 1032 2254 divitum
1061 2218 1284 2270 subsistant,

35 2269 167 2311 divites
184 2275 275 2311 vero
294 2285 339 2312 ex
363 2285 562 2326 pauperum
584 2276 755 2327 patientia
776 2286 993 2320 accrescant.

206 2341 239 2366 1.
1092 2337 1105 2361 Ι

1062 2351 1125 2387 ιή.
