1410 2554
313 101 493 134 aarum
520 100 748 132 exposnro.
780 85 877 141 Cap.
911 86 1034 127 VIII.
1217 87 1300 141 187

46 165 221 218 nunide,
239 177 348 217 quam
376 163 572 204 exercebat
586 163 624 202 in
653 174 763 202 carne
787 157 936 208 nostra;
955 165 996 201 et
1021 162 1083 213 qni
1109 159 1306 202 damnatus

45 235 197 282 peccato
228 225 443 274 videbatur,
478 225 672 264 damnavit
702 229 898 275 peccatum
913 251 925 272 ‚
966 228 1003 262 et
1037 236 1103 275 per
1141 229 1306 265 mortem

45 304 149 332 suam
178 291 287 331 nobis
305 290 403 328 vires
423 287 526 328 dedit
542 286 627 327 illud
645 286 905 328 interficiendi.

106 351 160 404 ss.
178 351 217 400 4.
243 350 293 390 Ut
301 349 532 403 justificatio
549 349 639 398 legis
653 362 668 395 ‚-
682 345 766 401 Syr.
787 354 826 387 ut
841 349 974 399 justitia
990 346 1101 399 legis,
1121 354 1192 388 etc.
1208 346 1304 389 idea

50 413 217 456 Christus
245 411 446 452 secundum
475 424 622 451 carnem
647 411 684 450 in
703 423 810 450 cruce
830 406 1020 459 moriens,
1054 413 1159 450 nosa
1186 414 1308 452 carnis

51 478 216 518 dominio
233 475 368 515 liberos
385 473 470 514 secit
487 503 498 523 ,
522 480 562 513 ut
579 472 793 526 impleamus
810 472 979 513 mandata
992 472 1081 525 legis
1097 489 1106 520 ;
1126 487 1196 514 nos
1215 499 1226 518 ‚
1245 475 1308 512 in-

50 550 160 590 quam
172 566 184 588 ,
206 537 267 590 qui
283 549 359 574 non
379 536 538 574 vivimus
552 533 755 574 secundum
774 536 1047 586 corruptionem
1061 536 1179 574 carnis
1191 564 1201 583 ,
1221 546 1311 588 quae

50 602 140 656 legis
172 600 470 654 adimpletionem
499 598 746 652 impediebat;
776 598 844 638 sed
878 599 1080 638 secundam
1121 600 1307 651 Spiritum

52 663 213 714 Christi,
231 665 293 716 qui
321 676 389 702 nos
408 662 575 702 liberavit
594 668 631 701 et
659 659 706 700 ad
737 660 922 712 implenda
945 668 1127 713 praecepta
1142 663 1308 703 roborat.

109 722 316 766 Christiano
336 738 412 765 non
426 722 559 764 sufficit
579 724 609 762 si
624 716 837 762 secundum
858 735 1006 762 carnem
1024 736 1099 763 non
1114 724 1306 775 ambulet,

52 787 120 828 sed
147 787 259 827 debet
295 794 468 841 praeterea
496 783 699 826 secundum
729 780 904 835 Spiritum
935 781 1069 824 Christi
1096 780 1309 826 ambulare.

52 845 145 890 Non
161 848 293 889 sufficit
318 849 417 902 quod
447 851 467 888 a
486 847 588 888 malis
617 847 815 898 abstineat;
838 844 904 885 sed
933 850 968 884 et
993 847 1030 884 in
1063 847 1165 886 bono
1195 846 1312 889 debet

52 910 265 961 florescere,
284 914 330 952 ait
349 910 399 951 D.
410 908 553 964 Chrys.
572 911 685 948 vitam
700 905 784 947 Deo
801 906 948 958 dignam
965 906 1080 948 (lebet
1105 907 1307 957 exhibere:

52 989 117 1015 seu
132 975 244 1014 debet
266 972 337 1014 Dei
368 970 503 1030 Spiritu
518 973 575 1024 agi
595 1001 606 1016 ,
634 976 673 1010 ut
694 969 799 1009 filius.
818 965 871 1018 Y.
894 968 954 1018 14.
974 969 1020 1009 ad
1041 969 1112 1010 hoc
1128 971 1232 1011 datus
1249 979 1307 1012 est

53 1040 87 1079 ei
101 1039 248 1091 spiritus
264 1037 484 1090 adoptionis.

111 1097 167 1149 Y.
184 1098 222 1139 5.
247 1096 325 1149 Qui
349 1098 449 1135 enim
467 1095 668 1134 secundam
695 1109 845 1134 carnem
866 1101 975 1143 sunt,
1004 1102 1075 1134 etc.
1092 1092 1235 1136 Probat
1261 1096 1312 1137 ad

52 1159 141 1211 tegis
157 1158 404 1211 impletionem
420 1159 552 1210 requiri
569 1162 607 1195 ut
622 1170 695 1196 non
712 1157 912 1196 secundum
930 1170 1075 1196 carnem
1092 1159 1172 1211 quis
1191 1159 1310 1206 vivat,

53 1222 120 1261 sed
147 1221 348 1261 secundum
372 1218 546 1272 Spiritum
568 1215 731 1264 Christi;
751 1219 861 1271 idque
882 1221 1010 1271 probat
1029 1233 1076 1260 ex
1093 1220 1308 1262 discrimine

55 1284 155 1338 quod
173 1289 225 1324 est
244 1286 340 1324 inter
353 1282 515 1322 carnales
533 1289 568 1322 et
587 1281 812 1334 spirituales:
830 1285 898 1334 qui
911 1285 1051 1324 cuim...
1066 1283 1102 1323 id
1121 1289 1176 1323 est
1189 1313 1203 1332 ,
1223 1297 1311 1324 nam

31 1373 36 1379 -
56 1347 214 1388 carnales
227 1376 237 1396 ,
258 1353 294 1388 et
314 1348 373 1398 qui
390 1345 574 1385 carnaliter
595 1346 746 1391 vivunt,
778 1345 931 1385 carnalia
949 1349 1107 1398 cogitant
1120 1375 1130 1395 ,
1157 1354 1310 1395 curant,

55 1411 337 1463 concupiscunl3
357 1410 421 1462 qui
440 1410 526 1448 vera
546 1407 748 1446 secundum
765 1407 971 1459 Spiritum,
1003 1415 1074 1448 etc.
1106 1409 1315 1489 spiriwalae

55 1481 175 1514 autem
192 1472 338 1512 student
369 1470 628 1523 spiritualibus.

112 1533 240 1586 Qualis
257 1547 358 1574 amor
377 1560 388 1579 ,
409 1533 478 1572 tale
496 1546 588 1584 opus
603 1548 612 1579 ;
630 1532 734 1584 quale
749 1546 811 1572 cor
826 1564 836 1583 ,
854 1532 931 1572 talis
949 1536 1035 1574 vita.
1054 1532 1155 1573 Hinc
1170 1533 1303 1586 collige

59 1597 172 1653 qualis
189 1600 236 1638 sis
250 1627 260 1647 ,
277 1611 322 1637 an
343 1596 498 1636 coelestis
514 1595 531 1642 ξ’
557 1608 602 1634 an
625 1596 823 1636 terrenus?
843 1610 889 1635 an
907 1596 1097 1648 spiritualis
1114 1596 1132 1635 ?
1151 1611 1197 1636 an
1215 1599 1311 1638 ani-

55 1659 158 1701 malis
171 1661 187 1699 Ρ

39 1732 45 1735 “
110 1715 156 1764 fi.
175 1720 212 1762 6.
234 1722 336 1760 Nam
353 1717 551 1773 prudentia
568 1721 704 1759 carnis.
720 1717 787 1760 Gr.
803 1720 978 1771 φρόνημα,
1004 1723 1096 1761 sicut
1131 1725 1170 1762 in
1196 1736 1308 1764 versu

56 1783 278 1836 praeeedenti
295 1813 304 1829 ,
323 1791 518 1831 φρονουσιν
551 1782 706 1832 sapiunt.
724 1778 861 1821 Sensus
895 1796 982 1834 ergo
1015 1790 1069 1823 est
1090 1799 1098 1821 :
1129 1786 1228 1835 atqui
1249 1798 1309 1824 sa-

57 1859 170 1899 pere,
197 1858 347 1893 curare,
382 1846 639 1896 concupiscere
667 1845 817 1884 carnalia
833 1876 845 1895 ,
874 1859 972 1885 mors
989 1853 1044 1886 est
1072 1849 1229 1898 animae,
1269 1852 1309 1887 et

59 1914 246 1961 peccatum
266 1924 275 1952 ;
309 1909 433 1959 sicque
451 1908 593 1955 justitiae
610 1910 830 1959 oppositum.
851 1908 1057 1947 Prudentia
1074 1917 1199 1949 autem
1218 1909 1309 1962 spi-

56 1968 152 2008 ritas
164 1998 178 2015 ‚
198 1977 269 2009 etc.
288 1982 416 2021 sapere
434 1976 554 2009 antem
569 1976 603 2009 et
621 1983 741 2010 amare
755 1970 968 2022 spiritualia,
989 1973 1101 2010 vitam
1117 1978 1154 2011 et
1176 1986 1308 2024 pacem

57 2030 178 2078 assert3
203 2039 239 2071 et
259 2031 342 2070 ideo
360 2032 528 2081 justitiam
546 2045 629 2084 qum
644 2034 775 2072 animae
791 2035 864 2072 vita
889 2040 964 2082 est,
990 2039 1026 2072 et
1044 2034 1140 2084 pacis
1157 2040 1313 2074 aeternae

55 2105 200 2135 nemen.

116 2153 170 2205 Y.
188 2169 224 2205 7.
251 2155 440 2207 Quom'am
460 2157 646 2208 sapientia
674 2158 814 2196 carm's.
832 2154 898 2197 Gr.
928 2162 1078 2209 propter
1097 2155 1195 2209 quod
1219 2170 1314 2209 pru-

58 2216 183 2259 dentia
197 2219 312 2257 carnis
325 2246 337 2266 ,
356 2220 500 2258 inimica
518 2221 555 2258 in
579 2217 716 2260 Deum.
740 2218 823 2272 Syr.
841 2226 1032 2272 propterea
1052 2219 1152 2272 quod
1168 2221 1317 2271 cogita-

56 2283 112 2323 tio
129 2283 246 2322 earnis
258 2282 442 2322 inimicitia
460 2289 515 2324 est
527 2282 707 2323 adversus
722 2281 861 2324 Deum.

77 2396 81 2400 ι
114 2342 315 2384 Rationem
333 2346 486 2397 assignat
513 2346 562 2385 ob
595 2358 708 2398 quam
732 2346 927 2399 sapientia,
961 2346 1174 2399 prudentia,
1198 2361 1284 2390 cura
1300 2377 1316 2397 ,
