1410 2554
320 47 504 79 πεπυ(
529 35 755 81 monuo.
783 29 879 90 Cap.
905 34 1025 79 XIV.
1204 33 1288 80 355

80 104 236 158 Etenim
256 108 318 160 qui
337 107 415 150 dies
434 108 606 150 observat
625 114 663 150 et
678 106 893 162 distinguit,
912 108 950 149 id
967 107 1014 150 ad
1035 104 1110 154 Dei
1132 105 1292 161 floriana

27 177 68 212 et
84 170 301 224 obsequium
320 169 420 218 facit;
445 172 537 211 sicut
557 177 593 211 et
611 172 672 226 qui
690 170 768 212 dies
788 183 918 211 omnes
938 166 1034 212 Deo
1051 172 1190 225 pariter
1213 169 1290 218 ἅθ’,

25 232 149 282 dicat,
165 229 238 273 Dei
258 246 406 286 quoque
427 231 608 272 honorem
626 232 797 274 intendit.

83 293 180 337 ltem
204 297 265 348 qui
285 297 489 349 promiscue
507 294 663 348 quodvis
680 295 867 345 comedit,
886 295 932 336 ad
955 288 1119 336 Domini
1135 295 1287 348 gloriam

26 357 214 400 eomedit·
237 359 366 410 gratias
386 360 484 399 enim
501 357 550 398 illi
568 359 639 410 agit
656 358 703 398 de
721 359 805 399 cibo
821 363 1033 410 assumpto;

81 420 133 465 Et
149 425 211 479 qui
227 425 384 465 abstinet
399 427 420 464 a
434 424 547 474 cibis,
566 418 750 476 religionis
765 437 852 476 ergo
871 423 1054 475 abstinet,
1071 430 1113 465 et
1129 424 1181 466 de
1191 425 1288 466 cibis

24 486 97 526 sibi
115 486 301 538 permissis
313 514 326 535 ‚
345 483 434 527 Deo
451 487 584 539 pariter
602 488 732 538 gratias
750 488 836 538 agit.

66 549 272 604 Uterque,
291 554 460 605 inquam,
483 549 607 592 Deum
625 550 834 592 benedicit:
850 565 964 592 nemo
982 553 1080 593 enim
1095 503 1285 602 nostr-tm,

23 614 88 667 qui
116 610 312 654 Christiani
330 627 476 660 sumus,
499 612 555 652 sui
573 610 678 652 causa
699 613 828 652 vivere
855 611 967 651 debet
995 617 1054 651 aut
1075 615 1193 660 mori;
1214 613 1285 654 sed

22 672 99 717 Dei
117 674 230 728 gratid
243 706 255 726 ,
275 676 375 727 cujus
398 677 611 716 totisumus.

76 735 166 779 Sive
201 739 300 778 enim
335 740 494 778 vivimus
507 769 518 787 ‚
554 735 717 778 Domino
745 739 903 778 vivimus
918 765 929 784 ,
963 739 984 777 a
1014 750 1088 790 quo
1117 745 1171 778 est
1203 740 1281 780 vita

19 805 166 844 nostra;
186 801 265 840 sive
285 801 482 849 morimur,
504 797 667 841 Domino
687 802 885 850 morimur,
906 813 979 852 quo
1001 793 1138 841 Judice
1155 803 1281 842 mori-

19 873 128 902 mur:
158 863 196 903 in
225 875 456 916 quocumque
486 874 574 913 ergo
602 868 695 909 statu
723 875 877 907 sumus,
900 874 965 902 seu
987 863 1179 910 viventes,
1212 878 1281 905 seu

19 924 243 972 morientes,
259 921 415 963 Domini
431 935 554 964 sumus
567 952 578 972 ,
593 924 654 976 qui
665 936 799 977 magno
811 924 930 975 pretio
943 936 1010 963 nos
1028 923 1204 975 redemit,
1220 927 1284 981 sui

17 983 156 1024 scilicet
177 984 359 1035 sanguinis
379 985 509 1036 pretio.

75 1043 119 1086 In
138 1045 236 1086 hunc
259 1047 393 1100 quippe
421 1046 535 1086 linem
557 1043 723 1086 Christus
749 1051 910 1086 mortuus
942 1053 997 1086 est
1019 1051 1054 1086 et
1074 1055 1192 1089 morte
1212 1045 1278 1090 sud

17 1115 155 1151 nostrae
183 1108 447 1161 redemptionis
464 1109 611 1161 lytron
596 1107 725 1155 solvit.
743 1112 808 1148 eta
831 1111 982 1149 mortuis
995 1112 1183 1151 suscitatus
1199 1109 1278 1151 vita

11 1173 108 1212 vivit
125 1171 343 1222 immortali,
363 1176 403 1212 ut
429 1173 467 1211 in
490 1178 650 1211 mortuos
685 1178 720 1211 et
743 1173 851 1210 vivos
882 1173 921 1211 in
944 1171 1036 1211 coelo
1054 1178 1088 1212 et
1116 1175 1154 1212 in
1179 1179 1277 1214 terra

10 1231 235 1275 dominetur.

67 1293 163 1336 Cum
180 1310 267 1349 ergo
295 1292 366 1335 Dei
387 1291 596 1348 Christique
622 1307 766 1340 sumus;
798 1308 907 1346 quare
925 1301 985 1342 tu,
1009 1291 1164 1343 Judaee,
1191 1308 1269 1336 non

12 1357 238 1398 manducans
264 1356 410 1397 fratrem
428 1362 529 1396 tuum
546 1355 826 1396 manducantem
849 1355 985 1406 judicas
1002 1360 1039 1395 ut
1073 1354 1239 1407 gulosum
1252 1355 1275 1397 ἲ

13 1425 51 1462 et
65 1426 102 1460 tu
116 1450 126 1469 ,
145 1420 308 1473 gentilis,
327 1420 513 1474 quodlibet
528 1421 734 1473 appositum
752 1418 953 1459 comedens
968 1449 979 1469 ,
1000 1432 1110 1472 quare
1122 1418 1270 1460 fratrem

11 1487 116 1523 tuum
130 1512 142 1532 ,
157 1482 227 1523 hac
239 1483 402 1523 libertate
418 1496 493 1523 non
510 1488 673 1523 utentem
686 1514 696 1533 ,
714 1484 855 1535 spernis
871 1490 910 1523 ut
928 1484 1079 1522 rationis
1098 1483 1267 1535 inopem,

11 1549 50 1584 et
67 1546 107 1584 in
121 1544 196 1585 fide
210 1545 444 1598 imperitum?

68 1606 156 1659 Quo
168 1608 263 1649 hanc
275 1610 352 1659 jure
363 1611 399 1648 in
425 1608 631 1648 alterutrum
650 1607 828 1647 exercetis
843 1607 1092 1647 auctoritatem
1105 1607 1122 1646 Ρ
1133 1621 1269 1650 omnes

10 1673 111 1712 enim
126 1685 196 1711 nos
210 1668 344 1711 Christi
359 1684 483 1710 sumus
497 1672 626 1720 pariter
639 1670 735 1708 servi
747 1685 756 1714 ;
769 1681 898 1707 omnes
915 1669 1046 1719 pariter
1069 1668 1266 1710 assistendi

8 1745 134 1774 snmus
156 1741 240 1774 ante
264 1732 418 1773 tribunal
442 1730 599 1781 Christi,
621 1737 656 1771 et
686 1733 731 1771 ab
757 1745 803 1771 eo
821 1730 1030 1781 judicandi,
1066 1731 1152 1784 quid
1173 1745 1265 1784 ergo

8 1795 100 1836 illius
119 1795 279 1836 officium
296 1794 516 1847 praeripitis?

63 1854 324 1897 Recordamini
341 1856 419 1905 ejus
447 1853 545 1907 quod
570 1853 666 1907 apud
691 1849 825 1894 Isaiam
849 1855 1021 1906 scriptum
1054 1861 1109 1894 est
1129 1869 1137 1892 :
1160 1853 1264 1896 Vivo

7 1935 102 1974 e,g0
125 1918 213 1963 dicit
230 1920 434 1967 Dominus,
456 1933 517 1960 me
531 1919 699 1959 mortales
715 1933 845 1959 omnes
861 1925 1088 1971 agnoscent,
1103 1920 1262 1961 confite·

6 1983 164 2032 buntur,
186 1991 222 2024 et
252 1982 435 2035 genuflexi
463 1981 663 2022 adorabunt
687 1989 724 2022 ut
752 1978 908 2032 Deum,
932 1977 1172 2060 Dominum,
1190 1996 1263 2023 su-

0 2059 174 2098 premum
193 2045 362 2087 Judicem
381 2060 498 2086 suum.

63 2103 159 2149 Cum
174 2123 259 2163 ergo
279 2122 400 2149 coram
419 2108 489 2148 hoc
505 2121 676 2160 supremo
695 2114 731 2148 et
749 2110 958 2161 aequissimo
978 2105 1113 2149 Jud1ce
1141 2122 1262 2149 unus—

2 2170 161 2222 quisque
177 2169 339 2210 nostrum
364 2185 427 2224 pro
450 2172 649 2224 semetipso
668 2172 714 2210 sit
733 2173 911 2211 rationem
929 2169 1131 2210 redditurus
1145 2200 1165 2222 ,Ι
1181 2185 1261 2213 non

3 2245 75 2286 pro
90 2231 168 2272 aliis
182 2262 192 2280 ,
217 2248 370 2288 quorum
390 2248 471 2274 cura
491 2235 598 2273 nobis
620 2249 695 2274 non
718 2242 772 2274 est
789 2236 981 2274 commissa
1000 2251 1009 2274 ε
1163 2227 1165 2230 ’

61 2289 226 2347 Propriae
244 2302 378 2337 nostrae
404 2296 507 2337 saluti
542 2294 789 2348 invigilantes,
813 2303 1048 2349 nostrumque
1070 2298 1261 2350 proprium
