1410 2554
118 60 203 105 388
493 70 708 101 ems-roms
737 70 793 99 tm
820 69 1015 100 noumos

117 135 293 177 ritualiter
309 129 534 186 Evangelica
561 131 823 184 praedicatione
840 136 1034 179 mactatus,
1057 128 1122 169 fiat
1147 127 1284 169 oblatio
1299 124 1388 169 Deo

119 204 270 251 accepta
281 223 293 245 ‚
317 194 443 237 Sancti
460 193 617 249 Spiritus
637 196 721 247 igne
738 194 956 234 sanctificata
973 199 1011 233 et
1031 194 1193 232 incensa.

175 259 307 313 Itaque
324 257 375 301 D.
396 256 532 299 Paulus
546 257 608 298 hic
627 254 807 311 Gentium
821 257 1104 298 conversionem
1119 251 1274 294 exhibet
1289 251 1391 293 velut

120 324 341 367 sacrificium
374 321 669 376 metaphoricum
690 335 701 369 ;
737 322 776 361 in
811 334 885 371 quo
921 319 1070 373 quidem
1102 318 1278 363 sacrificio
1309 319 1394 370 ipse

120 383 260 427 Paulus
277 384 448 425 sacerdos
466 389 521 423 est
538 399 547 430 ;
570 384 734 433 victima,
753 379 922 430 Gentes3
946 384 1172 423 consecratio
1202 381 1388 429 victimae,

122 449 332 503 praedicatio
349 445 567 503 Evangelii;
596 448 691 499 ignis
709 459 783 499 quo
801 448 955 488 victima
970 445 1210 496 comburitur,
1234 442 1395 498 Spiritus

122 515 283 553 sanctus.

516 598 780 628 OBSERVATIO
808 596 1008 626 MORALts.
1022 619 1025 621 .

180 692 285 748 Ergo
300 690 570 745 evangelizare,
591 690 789 744 praedicare
801 718 812 738 ‚
835 695 892 728 est
908 688 1124 730 sacrificare.
1139 686 1390 730 Concionator

125 763 183 799 est
199 756 371 797 sacerdos
387 786 398 807 ‚
421 754 524 794 labor
551 751 793 793 concionandi
824 752 926 805 quasi
958 753 1203 798 consecrati0;
1227 753 1388 791 victimae

126 826 213 861 sunt
235 819 441 860 auditorum
457 819 612 864 animae;
639 818 799 868 ipsarum
816 816 1010 854 conversio
1025 814 1237 854 sacrificium
1257 820 1326 854 est.

184 878 322 924 Videat
340 882 462 932 itaque
479 880 716 918 concionator
736 874 807 929 quzi
836 876 990 927 puritate
1015 881 1052 914 et
1071 875 1247 927 religione
1271 880 1307 914 et
1322 887 1397 927 quo

128 943 251 986 studio
264 957 370 983 suum
381 948 530 995 peragat
541 940 791 980 ministerium
808 954 817 984 ;
838 951 921 977 sese
933 937 980 976 ad
997 937 1081 977 illud
1103 941 1278 990 praeparet
1296 935 1400 988 quasi

130 1007 397 1048 sacrificaturus
414 1020 423 1044 :
443 1012 480 1045 et
498 1005 581 1057 quia
611 1004 811 1042 animarum
831 1002 1058 1040 consecratio
1071 1031 1081 1050 ‚
1101 1014 1166 1040 seu
1187 999 1398 1039 sanctifica-

129 1071 184 1110 tio
200 1075 254 1109 est
269 1067 537 1121 praedicationis
553 1065 636 1104 finis
654 1081 662 1110 ;
686 1061 862 1115 Spiritum
879 1068 1043 1102 sanctum
1061 1061 1231 1101 ardenter
1250 1067 1288 1100 et
1305 1062 1399 1101 assi·-

130 1133 206 1175 due
227 1133 466 1174 concionator
482 1132 632 1171 invocet
663 1143 702 1168 su
710 1142 771 1181 per
796 1142 837 1168 se
854 1129 1058 1167 ministrum
1074 1157 1086 1177 ,
1105 1132 1141 1166 et
1163 1139 1272 1178 super
1289 1124 1400 1169 audi-2

130 1201 254 1237 torum
275 1194 384 1236 corda
399 1223 409 1245 ,
427 1200 600 1246 tanquam
626 1192 812 1231 victimam
831 1188 916 1230 Deo
939 1188 1214 1229 immolandam.

479 1302 741 1334 OBSERVATIO
770 1300 979 1330 DOCTRINA
985 1298 1059 1328 us.

188 1407 242 1451 D.
267 1406 403 1449 Paulus
426 1405 724 1460 praedicationem
750 1401 999 1454 metaphorice
1019 1406 1126 1441 vocat
1155 1399 1402 1449 sacrificium?

135 1474 230 1515 sieut
248 1487 326 1526 cap.
348 1486 411 1512 12.
437 1482 590 1522 corpora
623 1475 746 1508 nostra
763 1467 910 1507 vocavit
924 1464 1103 1508 hostiam;
1126 1462 1209 1503 alibi
1234 1461 1399 1502 eleemo-

136 1550 272 1592 synam
293 1542 404 1578 vocat
422 1533 639 1574 sacrificium
653 1563 663 1583 ‚
690 1534 784 1572 sicut
806 1533 915 1571 etiam
945 1528 1114 1568 contritio
1133 1527 1260 1567 dicitur
1288 1526 1401 1566 sacri·.

138 1601 281 1643 ficium.

194 1661 250 1705 At
282 1666 423 1704 tantum
454 1663 558 1702 abest
586 1667 625 1701 ut
656 1659 739 1700 haec
771 1656 1020 1710 metaphorica
1045 1654 1217 1695 sacrificia
1239 1659 1405 1704 negent3

140 1729 308 1781 quinimo
327 1725 516 1766 stabiliunt
532 1730 569 1764 et
588 1724 803 1763 confirmant
822 1722 899 1762 veri
915 1718 1081 1760 sacrificii
1099 1720 1136 1756 in
1154 1715 1321 1757 Ecclesia
1334 1729 1407 1756 ve-

139 1793 311 1830 ritatem:
330 1789 423 1828 sicut
442 1787 656 1840 metaphora
674 1800 751 1826 non
775 1785 930 1834 minuit,
949 1781 1015 1823 sed
1036 1781 1227 1821 confirmat
1247 1786 1283 1820 et
1298 1784 1408 1831 auget

139 1853 218 1902 rei,
239 1850 338 1891 unde
355 1852 526 1898 sumitur,
548 1850 755 1889 veritatem.

163 1962 168 1966 ,
198 1912 267 1955 Est
296 1915 403 1967 igitur
432 1915 470 1953 in
496 1909 664 1952 Ecclesia
686 1924 772 1951 vera
792 1909 953 1961 liturgia,
989 1921 1077 1947 vera
1101 1904 1255 1955 oblatio,
1275 1916 1407 1944 verum

141 1975 383 2025 sacrificium,
403 1988 491 2016 vera
520 1973 664 2022 hostia3
690 1973 790 2014 unde
827 1969 876 2012 D.
895 1969 1030 2011 Paulus
1056 1969 1122 2009 has
1153 1970 1262 2009 traxit
1279 1973 1410 2010 meta-z

141 2039 292 2094 phoras.

200 2101 333 2156 Inepte
351 2104 458 2156 igitur
474 2100 648 2144 Calvinus
673 2101 761 2142 hinc
793 2101 1027 2141 occasionem
1054 2096 1209 2149 sumpsit
1225 2107 1355 2134 verum
1371 2094 1410 2134 in

143 2160 313 2208 Ecclesia
336 2164 495 2219 negandi
527 2165 763 2214 sacrificium,
783 2170 821 2204 et
843 2164 990 2203 unicum
1010 2158 1277 2214 praedicationis
1293 2158 1410 2196 sacri-

146 2227 274 2270 ficium
300 2226 530 2274 stabiliendi;
552 2229 756 2281 quasivero
776 2227 926 2279 mystica
941 2224 1087 2274 jusiitiae
1101 2250 1111 2269 ‚
1136 2218 1408 2268 misericordiae,

146 2297 185 2333 et
199 2289 320 2332 cordis
338 2292 481 2331 contriti
497 2290 687 2337 sacrificia,
711 2302 791 2343 quae
810 2290 943 2342 passim
958 2286 1127 2338 leguntur
1142 2284 1180 2324 in
1198 2278 1409 2335 Scripturis,

147 2351 321 2395 sacrificia
339 2353 474 2398 veteris
492 2351 580 2406 legis
597 2347 824 2394 sustulerint.
