1410 2554
123 62 182 120 94
481 77 688 107 nemum
716 77 775 108 au
801 77 1011 112 nolumus

119 134 314 176 Abraham
326 148 393 189 per
399 135 525 187 fidem,
535 151 612 176 non
621 151 688 191 per
697 131 1027 190 circumcisionem,
1035 137 1208 194 adeptum
1215 143 1382 194 essejus·

121 201 259 240 titiam:
277 207 316 240 et
332 201 419 241 ideo
436 197 607 241 Gentiles
618 203 710 242 sicut
723 208 758 242 et
771 198 961 243 Abraham
980 203 1164 255 perfidem
1183 206 1389 256 justificat-i..

175 261 234 314 35·
254 280 271 305 ι
283 279 315 305 1.
335 265 388 305 Ec
409 266 557 315 signum
573 268 721 319 accepit
738 267 1048 307 circumcisionis.
1068 265 1138 309 Gr.
1157 270 1381 322 signaculum

122 330 270 380 justitiae
280 329 470 384 fider,quae
481 333 517 370 in
526 332 702 383 praeputio
714 330 812 379 (sine
825 331 917 380 est);
931 329 1015 384 Syr.
1025 333 1182 385 sigillum
1194 322 1378 385 fideisuae,

123 408 208 449 quae
222 395 338 436 fuerat
360 397 396 435 in
410 398 602 448 praepuno.
620 393 757 446 Quarta
786 395 847 437 hic
865 399 1071 438 continetur
1089 399 1279 451 probati0‚
1301 401 1383 451 jus-

122 461 359 501 tificationem
374 457 537 502 Abrahae
551 473 628 501 non
644 459 756 502 fuisse
770 474 818 501 ex
830 463 1107 504 circumcisione
1120 480 1130 511 ;
1153 464 1387 517 quandoqui»

124 525 211 567 dem
221 528 537 571 circumcisionem
547 527 686 578 recepit
695 529 731 567 in
745 527 899 579 sigillum
913 527 1184 581 justitiae‚quam
1195 532 1385 583 praeputii}-

128 596 185 632 tus
194 591 347 645 adeptus
360 598 450 637 eran
467 594 594 645 sicque
606 593 831 632 circumcisio
844 591 910 631 suit
925 591 1178 641 justificatione
1189 595 1384 647 posterior.

177 652 231 692 Et
244 653 404 703 signum.
421 649 504 706 Syr.
521 653 671 706 signum
688 654 801 693 enirn.
817 652 871 692 Et
885 652 985 692 idem
998 666 1041 692 ac
1057 655 1163 706 quia,
1176 655 1258 708 quia
1273 668 1385 696 rece-

123 720 178 770 pit
198 720 517 758 circumcisionem
531 747 542 764 ,
569 731 654 771 quae
685 720 830 770 signum
860 724 937 758 erat
966 717 1120 759 soederis
1146 719 1246 773 quod
1276 718 1386 762 Deus

123 783 252 822 inierat
274 795 356 822 cum
377 795 422 822 eo
441 789 476 821 et
495 783 572 830 ejus
593 784 821 834 posteritate,
838 789 877 822 ut
896 788 995 834 patet
1013 780 1155 823 Genes.
1176 781 1386 832 17.-Potest

124 847 163 882 et
178 841 250 882 dici
276 841 376 894 quod
391 843 540 892 signum
571 848 649 882 erat
674 841 762 882 fidei
778 855 852 882 suae
867 870 878 890 ,
898 841 947 882 de
962 841 1101 882 Messia
1115 845 1138 882 ὲ
1155 857 1221 883 suo
1241 846 1385 886 semine

123 908 330 950 nascituro;
354 913 390 946 et
406 906 490 946 ideo
511 908 547 946 in
564 908 809 958 generationis
827 908 998 947 membro
1017 906 1141 947 fiebat.
1161 905 1264 947 Hinc
1283 905 1387 950 Am·-

123 972 268 1012 brosins
289 971 397 1011 dicit:
415 968 580 1012 Credens
597 985 638 1012 se
656 971 769 1011 filium
789 970 1012 1019 habiturum,
1033 971 1142 1021 hujus
1160 975 1214 1012 rei
1238 975 1390 1024 signum·

125 1038 288 1088 accepit,
308 1050 417 1087 quam
440 1036 592 1076 credidit
611 1053 620 1082 ;
639 1042 678 1076 ut
700 1036 788 1088 quid
816 1037 974 1076 credens
1005 1036 1218 1086 justificatus
1235 1039 1282 1078 sit
1298 1051 1386 1078 ccr-

126 1104 285 1138 ncretur.
310 1094 541 1137 Ambrosius.
560 1095 663 1137 Hinc
679 1104 874 1148 utrumque
893 1098 933 1136 in
958 1095 1112 1148 paraph.

179 1159 423 1210 Signaculum
432 1157 611 1210 justitiet.
639 1154 821 1211 Accepit,
841 1159 993 1208 inquam
1009 1185 1021 1205 ,
1045 1158 1383 1205 circumcisionem,

126 1227 166 1262 ut
182 1221 418 1272 signaculum
442 1219 626 1272 justitia,
648 1234 756 1272 quam
787 1233 854 1272 per
870 1219 983 1259 fidem
1006 1226 1195 1271 acceperat
1220 1220 1388 1260 nondum

128 1285 373 1324 circumcisus.
392 1279 551 1334 Signum
569 1289 691 1323 autem
703 1289 740 1322 et
760 1281 915 1334 sigillum
935 1294 1013 1320 rem
1037 1287 1265 1335 supponunt,
1286 1284 1390 1333 cujus

127 1353 212 1387 sunt
229 1347 373 1398 signum
386 1352 420 1386 et
436 1344 590 1396 sigillum
609 1357 617 1378 t
638 1347 735 1398 prius
752 1351 827 1385 erat
847 1356 933 1395 ergo
949 1343 1040 1384 fides
1057 1351 1093 1384 et
1108 1343 1234 1384 soedus
1244 1350 1283 1384 et
1307 1345 1390 1395 ius-

128 1413 206 1454 titia
220 1443 231 1458 ,
251 1416 361 1464 quum
384 1412 625 1451 circumcisio.

189 1473 241 1513 Ut
253 1475 303 1513 sit
322 1474 438 1514 Pater
450 1473 618 1513 omnium
634 1470 872 1510 credentium.
889 1468 938 1510 Et
960 1469 1021 1510 hic
1039 1469 1164 1522 quinta
1184 1470 1392 1510 continetur

128 1535 236 1583 ratio,
257 1541 400 1587 sumpta
418 1548 465 1574 ex
481 1534 656 1587 mysterio
673 1531 892 1583 significato,
910 1531 1047 1571 scilicet
1061 1529 1159 1584 quod
1175 1543 1238 1582 per
1253 1527 1391 1571 Chris·-

128 1601 206 1634 tum
223 1624 233 1644 ,
258 1608 304 1634 ex
328 1594 402 1635 fide
430 1594 705 1639 sorentomnes
727 1593 958 1642 justificandi.
982 1590 1130 1644 Itaque,
1151 1590 1236 1631 ideo
1255 1587 1390 1632 Ahm-

129 1655 216 1697 ham
233 1656 353 1697 adhuc
371 1658 600 1710 praeputintus
618 1669 683 1707 per
697 1655 810 1695 fldem
823 1651 1040 1704 justificatus
1054 1660 1137 1702 est,
1155 1660 1197 1692 ut
1211 1656 1262 1693 sit
1275 1653 1395 1693 Pater·

129 1725 299 1762 omnium
328 1723 552 1762 credentium
570 1736 582 1760 .-
602 1719 688 1774 Syr.
714 1726 753 1761 ut
787 1726 883 1760 esset
905 1726 1005 1770 pater
1039 1732 1166 1759 eorum
1195 1719 1391 1767 omnium,

131 1791 194 1841 qui
207 1788 376 1829 credituri
397 1794 520 1828 essent
538 1801 585 1828 ex
606 1787 784 1840 praeputio
804 1801 813 1825 ε
836 1785 872 1825 id
887 1792 942 1826 est
959 1815 970 1835 ,
987 1791 1029 1825 ut
1061 1790 1157 1825 esset
1172 1781 1285 1823 Pater
1299 1796 1392 1822 orn-

131 1856 236 1895 nium
253 1856 338 1906 qui,
359 1861 531 1895 manente
547 1855 746 1906 praeputiO,
762 1851 940 1898 credunt3
962 1864 1025 1891 seu
1051 1847 1254 1890 Gentilium
1277 1849 1394 1888 incir-

132 1917 374 1956 cumcisomm
390 1945 401 1963 ‚
422 1917 482 1968 qui
502 1914 668 1958 credunt;
689 1920 729 1951 ut
747 1919 935 1964 reputetur
950 1918 986 1950 et
1005 1911 1079 1950 illis
1095 1909 1150 1949 ad
1162 1908 1358 1964 justitiam
1372 1935 1391 1956 ‚

131 1981 170 2021 id
191 1988 264 2032 cst,
279 1988 317 2022 ut
334 1989 368 2022 ct
388 1981 453 2022 illis
471 1982 690 2033 praeputiatis
708 1977 916 2019 Gentilibus
931 1977 1021 2017 fides
1036 1978 1234 2028 imputetur
1247 1974 1294 2015 ad
1307 1974 1397 2024 ius-

133 2043 248 2083 titiam
262 2074 273 2092 ‚
290 2044 382 2083 sicut
399 2050 437 2082 et
456 2039 620 2082 Abruhae
640 2041 854 2094 praeputiato
876 2037 942 2078 suit
966 2039 1156 2089 imputata.

193 2100 255 2144 Ex
276 2103 348 2144 hoc
363 2104 698 2144 incircumcisorum
714 2114 869 2141 numero
885 2112 969 2140 sum
983 2127 995 2147 ,
1012 2109 1104 2149 quos
1118 2106 1167 2134 ex
1188 2098 1276 2133 tunc
1290 2091 1399 2131 vide·

132 2174 201 2215 bas
216 2204 226 2223 ,
248 2170 270 2211 A
290 2169 390 2211 Deus
406 2171 531 2210 bone!
553 2175 591 2210 ct
614 2182 724 2219 quem
741 2199 750 2216 ,
772 2181 838 2220 per
857 2172 953 2206 tuam
971 2174 1151 2204 summam
1175 2160 1397 2199 misericor-

134 2233 232 2275 diam
248 2262 257 2279 ,
280 2234 315 2272 in
334 2232 515 2282 baptismo
530 2259 542 2277 ,
563 2243 611 2270 cx
629 2229 705 2269 side
721 2224 885 2275 Christi,
907 2223 1090 2276 justificari
1105 2218 1341 2262 decreveras.

189 2290 334 2334 Gratias
358 2290 579 2332 immortales
611 2304 676 2343 pro
699 2295 821 2339 tanto,
859 2286 937 2334 tati,
958 2291 1084 2326 ettam
1101 2283 1256 2335 gratuito
1272 2281 1397 2321 bene-

135 2354 246 2397 ficio!
277 2351 337 2396 Da
375 2353 556 2407 perficere
594 2351 694 2407 quod
726 2351 894 2403 coepisti;
918 2346 963 2388 da
997 2345 1088 2387 mihi
1106 2343 1221 2388 fidem
1252 2343 1397 2390 vivam,
