1410 2554
0 0 15 76 ξ
304 56 481 112 minax
492 60 741 94 ''xxvosmm
773 49 875 102 σὴρ.
905 46 965 88 ΙΙ.
1215 41 1272 85 33

283 241 534 294 CAPUT
574 233 998 291 SECUNDUM.

511 351 779 405 Parophrasis.

18 447 99 535 St
117 490 348 547 philosophi,
367 491 449 542 quta
464 487 588 530 Deum
605 494 641 528 et
663 489 834 539 justitiam
852 484 924 526 Dei
946 488 1155 529 noverunt,
1187 486 1274 522 sunt

12 558 52 601 in
78 555 235 611 peccatis
261 553 333 592 suiz
357 549 643 598 inexcusabiles,
670 552 757 588 sane
782 555 818 588 et
839 555 874 587 tu
894 576 905 595 ‚
928 547 951 586 ὁ
968 546 1084 586 homo
1112 546 1275 600 quisquis

12 622 91 670 sis,
125 620 187 670 qui
209 617 361 657 aliorum
385 614 517 655 delicta
543 613 679 663 judicas
709 619 746 652 et
778 611 954 657 damnas;
987 610 1116 649 eadem
1150 616 1275 648 tamen

5 681 250 722 :committens
263 708 274 728 ,
295 678 398 718 omni
415 689 520 716 cares
536 676 771 720 excusatione
787 688 796 712 ε
823 686 868 714 eo
882 674 981 712 enim
998 673 1079 724 ipso
1097 682 1171 724 quo
1185 668 1275 710 alios

13 743 189 791 damnas,
224 746 262 780 et
297 741 333 779 in
367 740 602 790 temetipsum
633 736 703 777 fers
735 737 986 784 sententiam,
1018 736 1102 773 cum
1143 731 1276 773 eadem

6 805 151 847 ‘scelera
168 810 376 858 perpetres,
398 815 481 854 quae
497 800 648 840 damnas
667 802 704 839 in
715 799 807 838 attis.

9 902 15 916 ,
67 863 213 906 Scimus
231 864 331 917 enim
364 862 464 914 quod
488 860 593 902 Deus
609 863 656 901 sit
681 862 826 900 summe
851 861 964 909 justus
980 886 993 907 ,
1013 863 1050 898 et
1072 856 1157 897 ideo
1182 857 1282 906 juste

14 934 53 970 et
73 941 123 967 ex
141 940 247 980 aequo
264 924 438 975 judicabit
455 936 523 963 eos
536 952 547 972 ‚
581 924 642 977 qui
665 922 744 962 talia
763 927 910 974 peccata
925 925 1154 973 perpetrant,
1176 932 1276 972 qua-

13 990 60 1031 tia
79 997 116 1030 tu
130 995 166 1030 et
184 988 241 1028 alii
256 1000 347 1040 quos
367 986 516 1036 judicas.

68 1051 276 1104 Quomodo
292 1053 419 1102 itaque
433 1052 470 1089 in
489 1049 563 1090 hoc
581 1050 738 1088 versaris
752 1061 895 1096 errore,
915 1053 952 1087 ut
969 1048 1159 1087 existimes
1172 1044 1279 1087 effu-

6 1129 102 1170 gere
122 1123 163 1159 te
195 1128 308 1168 posse
333 1114 508 1165 judicium
533 1111 634 1154 Dei?
656 1120 719 1164 tu,
755 1115 817 1166 qui
845 1111 982 1164 judicas
1013 1112 1121 1162 alios,
1147 1110 1281 1152 eadem

10 1187 135 1222 tamen
167 1180 404 1219 committens
433 1176 596 1226 scelera,
631 1189 715 1231 quae
743 1176 896 1218 damnas
928 1182 966 1216 et
998 1177 1107 1229 punis
1132 1178 1173 1216 in
1194 1174 1279 1217 eis?

9 1244 136 1296 sicque
151 1255 199 1282 ex
214 1238 418 1293 ignorantia
436 1254 513 1280 non
533 1253 677 1292 peccas.

64 1306 130 1349 An
146 1307 419 1348 exuberantem
439 1303 512 1346 Dei
524 1306 802 1356 benignitatem,
827 1306 1120 1359 immensamque
1134 1309 1279 1357 poten-

4 1371 99 1412 tiam
116 1377 153 1411 et
168 1369 483 1422 longanimitatem
499 1369 791 1408 contemnis?an
824 1381 873 1408 ex
902 1366 975 1407 Dei
1003 1367 1152 1407 lenitate
1170 1380 1280 1421 spem

5 1435 242 1489 impunitatis
274 1432 388 1473 audes
412 1433 634 1486 concipere?
657 1446 703 1472 an
734 1434 880 1484 ignoras
911 1434 1085 1485 quoniam
1108 1435 1131 1474 ὸ
1153 1438 1281 1473 contra

10 1495 93 1538 hae‘c
109 1495 184 1537 Dei
203 1496 409 1548 benignitas
427 1494 471 1534 ad
492 1496 745 1547 paenitentiam
763 1500 802 1534 te
821 1495 964 1534 invitat.

66 1558 131 1601 Tu
163 1562 281 1608 vero,
312 1557 402 1597 dum
429 1556 612 1598 obstinata
639 1563 764 1597 mente
790 1555 874 1595 huic
905 1553 979 1595 Dei
1014 1553 1279 1595 misericordiae

8 1621 177 1678 resistisz
208 1621 414 1665 secundum
451 1621 620 1662 duritiam
648 1628 897 1674 tuam‚quam
926 1618 1000 1661 Dei
1024 1620 1170 1662 bonitas
1199 1634 1280 1661 non

17 1684 177 1731 emottit;
199 1690 238 1724 et
261 1682 463 1724 secundum
494 1683 801 1736 irnpoenitentiam
830 1680 950 1720 cordis
970 1681 1048 1729 tui,
1080 1678 1180 1734 quod
1205 1693 1279 1722 nec

0 1743 258 1802 Thansuetudo
273 1774 285 1796 ‚
305 1759 374 1788 nec
390 1747 506 1786 minoe
529 1750 679 1797 tangunt
696 1758 706 1790 3
730 1749 765 1782 tu
780 1773 790 1793 ,
810 1744 958 1797 inquam
973 1771 985 1792 ‚
1013 1741 1077 1781 tibi
1100 1742 1169 1795 ipsi
1189 1743 1279 1782 iram

3 1808 187 1864 ‘paulatim
218 1810 366 1862 reponis
400 1813 436 1848 et
466 1803 700 1854 accumulas,
736 1807 773 1845 in
808 1806 868 1846 die
907 1803 1101 1845 tremendo
1126 1803 1278 1854 judicii,

14 1871 163 1925 quando
178 1868 283 1910 Deus
301 1871 472 1919 justitiam
493 1883 594 1909 suam
624 1867 858 1909 manifestans
870 1898 880 1916 ‚
900 1881 1052 1907 ornnem
1068 1880 1170 1908 suam
1186 1868 1277 1907 iram

14 1933 182 1975 effundet
205 1935 241 1974 in
264 1934 411 1984 impios.

0 2036 2 2038 .
67 1993 179 2037 Tunc
212 1994 342 2035 reddet
385 1991 583 2048 unicuique
615 1993 809 2035 hominum
830 1992 1035 2033 secundum
1067 2006 1178 2046 opera
1199 2006 1277 2033 eo-

0 2068 114 2098 >mint

67 2117 120 2162 Iis
136 2119 285 2172 quidem
299 2121 383 2173 ,qui
407 2122 446 2161 in
464 2118 734 2172 perseverantia
761 2120 945 2159 bonorum
974 2131 1129 2169 operum
1143 2147 1154 2169 ‚
1187 2116 1275 2171 gio-

5 2186 103 2239 ‚riam
119 2189 161 2230 et
175 2181 359 2239 honorem
380 2190 417 2225 et
445 2182 754 2224 immortalitatem
778 2189 958 2235 expetunt
974 2199 982 2228 ;
1001 2185 1045 2222 iis
1063 2211 1074 2231 ,
1096 2184 1244 2236 inquam
1260 2211 1273 2228 .

14 2247 114 2287 dabit
126 2249 237 2288 vitam
254 2254 452 2288 aeternam:

64 2315 316 2360 Contentiosis
348 2321 439 2359 vero
467 2325 503 2360 et
530 2300 672 2359 veritati
697 2331 771 2359 non
807 2318 1180 2373 obtemperantibus,
1207 2316 1275 2358 sed
