1410 2554
148 60 229 118 178
419 71 421 73 ·
502 74 709 106 Epls'rOLAE
737 75 796 105 Ar>
825 74 1025 105 nummos

143 129 386 176 cohaeredes
399 139 544 175 autem
564 129 750 176 Christi:
767 130 811 176 si
820 139 964 175 tamen
979 130 1289 187 compatimur,
1308 143 1355 179 ut
1366 143 1408 180 et

147 201 538 258 conglorificemur.

203 321 268 364 18.
286 316 492 363 Existimo
510 316 640 371 enim,
660 316 774 374 quod
787 333 876 362 non
892 329 988 363 sunt
1007 316 1230 376 condignae
1243 321 1404 375 passio-

144 405 222 434 nes
239 387 368 443 hujus
391 387 594 444 temporis
608 387 664 432 ad
683 386 872 432 futuram
889 386 1091 446 gloriam;
1115 404 1208 443 quae
1235 387 1403 434 revela-

146 458 263 505 bitur
282 459 329 504 in
349 457 490 504 nobis.

209 656 273 696 ¹9·
291 638 401 681 Nam
414 634 671 692 exspectatio
684 643 882 680 creaturae
898 632 1203 678 revelationem
1214 631 1409 677 filiorum

145 708 225 758 Dei
244 717 472 764 exspectat.

203 849 270 875 20.
286 826 474 874 Vanitati
492 826 605 872 enim
634 834 827 871 creatura
850 823 1041 879 subjecta
1059 833 1122 868 est
1139 839 1228 868 non
1245 822 1409 877 volens,

147 900 221 946 sed
242 909 419 957 propter
438 917 537 945 eum
551 934 563 955 ‚
588 897 662 955 qui
679 895 862 952 subjecit
879 911 972 940 eam
990 894 1036 939 in
1054 911 1129 950 spe
1147 914 1157 937 ε

206 1231 271 1261 21.
286 1213 407 1275 Quia
427 1222 468 1258 et
481 1212 573 1268 ipsa
589 1219 783 1255 creatura
795 1206 1048 1253 liberabitur
1066 1207 1089 1250 a
1102 1203 1302 1250 servitute
1318 1221 1410 1251 cor-

149 1284 384 1343 ruptionis,
403 1283 449 1328 in
472 1282 710 1327 libertatem
727 1278 871 1338 gloriae
894 1276 1078 1322 filiorum
1101 1273 1192 1320 Dei.

206 1484 272 1512 22.
293 1463 464 1510 Scimus
490 1461 607 1507 enirn
635 1460 751 1518 quod
775 1457 914 1506 omnis
937 1467 1132 1503 creatura
1153 1455 1410 1515 ingemiscit,

150 1548 192 1585 et
209 1537 390 1606 parturit
406 1551 539 1592 usque
557 1532 710 1580 adhuc.

270 1614 312 1629 ΑΒ

210 1731 276 1772 23.
294 1727 397 1772 Non
414 1723 555 1770 soh'im
575 1731 717 1767 autem
734 1719 808 1766 itta
819 1751 833 1771 ‚
857 1717 932 1764 sed
949 1726 988 1762 et
1007 1734 1086 1762 nos
1102 1715 1185 1772 ipsi
1206 1713 1410 1772 primitias

152 1798 332 1856 Spiritsss
351 1797 556 1842 babentes
575 1816 583 1844 ;
607 1802 649 1839 et
672 1791 753 1849 ipsi
779 1791 892 1835 intra
914 1807 993 1834 nos
1018 1787 1252 1846 gemimus.
1276 1786 1410 1844 adop-

152 1869 315 1915 tionem
333 1866 523 1913 filiorum
546 1863 625 1909 Dei
637 1870 928 1919 exspectantes
942 1894 954 1915 ‚
967 1855 1308 1913 redemptionem
1318 1871 1410 1901 cor-

154 1941 273 1999 poris
289 1939 438 1986 nostri.

213 2162 277 2211 ²4·
300 2156 387 2211 Spe
414 2152 529 2199 enim
559 2150 664 2196 salvi
683 2147 783 2195 sacti
817 2162 978 2193 sumu&
1011 2144 1115 2197 Spes
1145 2147 1288 2184 autem
1322 2154 1410 2193 quae

153 2227 344 2280 videtur,
381 2242 469 2271 non
501 2233 564 2269 est
591 2238 715 2279 spes=
744 2236 845 2265 nam
878 2215 992 2273 quod
1023 2212 1133 2258 videt
1163 2210 1285 2267 quis,
1316 2207 1410 2264 quid

156 2294 332 2355 sperat?
