1410 2554
90 22 168 64 105
445 35 659 65 nmsromz
678 36 746 72 ,ΑΒ
776 37 978 70 nummos

370 245 620 290 CAPUT
661 246 1059 306 QUINTUM.—

646 374 802 414 Temtus.

93 507 128 533 1.
145 456 419 534 JUSTIFmA'n
435 506 531 547 ergo
545 508 594 537 ex
611 491 711 546 fide,
730 509 879 547 pacem
900 491 1133 539 habeamus
1143 494 1197 538 ad
1215 496 1354 539 Deum
1386 488 1390 500 ’

89 576 167 615 per
186 560 420 607 Dominum
444 572 640 608 nostrum
671 563 820 608 Jesum
843 563 1065 634 Cilristum
1092 583 1102 607 ε

151 904 188 930 2.
205 883 294 930 Per
308 902 435 942 quem
451 895 491 931 et
505 885 712 933 habemus
732 904 950 935 accessum
965 907 1042 946 per
1060 890 1191 937 fidem
1204 889 1249 934 in
1264 907 1360 948 gra-

91 954 194 1001 tiam
211 955 359 1013 istam,
381 957 427 1002 in
442 975 527 1014 qua
544 968 704 1006 stamus
719 995 731 1017 ‚
751 969 792 1006 et
809 960 1041 1019 gloriamur
1055 961 1102 1006 in
1121 979 1197 1018 spe
1214 961 1359 1018 gloriae

59 1051 64 1056 -
97 1025 292 1072 filiorum
314 1027 394 1073 Dei
416 1050 426 1080 ;

147 1117 186 1158 3.
207 1113 313 1160 Non
336 1116 479 1162 solam
502 1127 645 1163 autem
661 1153 671 1171 ,
698 1119 774 1164 sed
798 1128 838 1163 ct
857 1118 1093 1176 gloriamur
1111 1118 1156 1162 in
1175 1117 1358 1164 tribula-

93 1185 283 1232 tionibus
310 1186 519 1235 :scientes
541 1188 655 1246 qubd
679 1187 892 1234 tribulatio
921 1186 1171 1244 patientiam
1200 1204 1360 1244 opera-

94 1267 190 1311 iun

150 1388 191 1437 4.
226 1380 444 1427 Patientia
479 1392 621 1429 autem
658 1382 979 1440 probationem3
1022 1383 1219 1441 probatio
1261 1386 1363 1432 verb

101 1471 245 1510 spem3

156 1545 194 1587 5.
216 1541 324 1599 Spes
345 1551 486 1588 autem
498 1560 587 1588 non
601 1526 846 1589 cdnfundit:
865 1543 961 1600 quia
975 1542 1157 1591 charitas
1173 1545 1260 1590 Dei
1276 1545 1364 1592 dif-

98 1615 194 1660 fusa
227 1624 289 1660 est
318 1614 363 1659 in
392 1616 589 1661 cordibus
619 1617 776 1662 nostris
811 1633 886 1674 per
905 1615 1111 1674 Spiritum
1132 1618 1367 1674 Sanctum,·

101 1686 172 1744 qui
197 1686 318 1733 datus
340 1696 402 1733 est
429 1686 568 1733 nobis.

159 1881 198 1924 6.
226 1878 289 1924 Ut
309 1877 409 1935 quid
431 1878 545 1924 enim
566 1877 751 1925 Christus
768 1914 797 1934 ,⁴
823 1882 919 1924 esim
941 1878 1080 1924 adhue
1109 1876 1267 1924 infirmi
1295 1895 1368 1925 es-

101 1965 243 1996 semus
261 1986 272 2008 ,
291 1951 524 1997 secundum
541 1962 707 2007 tempus
729 1968 805 2007 pro
825 1950 963 2008 impiis
981 1944 1174 1996 nim-[uus
1191 1959 1253 1995 est
1266 1954 1286 1995 ἓ*

163 2171 200 2211 7.
219 2150 296 2196 Vix
319 2148 433 2195 enim
457 2166 534 2206 pro
555 2155 664 2204 justo
681 2148 775 2206 quis
797 2148 981 2193 moritur
1001 2164 1012 2188 =
1032 2163 1133 2192 nam
1158 2163 1235 2202 pro
1252 2144 1369 2191 bono

105 2220 282 2267 forsitan
302 2221 396 2278 quis
410 2220 563 2266 audeat
583 2219 691 2264 mori
704 2226 719 2264 ἰ’

156 2308 198 2350 8.
214 2305 495 2351 Commendat
515 2313 657 2349 autem
674 2302 924 2348 charitatem
942 2318 1065 2348 suam
1085 2302 1209 2348 Deus
1226 2301 1270 2347 in
1289 2317 1362 2348 no·
