1410 2554
172 45 253 102 232
483 82 487 85 .
531 59 743 90 turs-rom
773 59 828 88 An
852 60 1054 91 nonanus

173 117 276 161 Isaac
292 119 435 160 effinxit
455 125 494 160 et
519 120 669 172 genuit;
695 121 749 159 sic
764 124 803 158 et
818 131 888 159 nos
905 134 1121 172 generamur
1135 135 1200 174 per
1217 123 1331 164 verba
1349 119 1410 164 De

172 183 212 222 in
226 195 398 234 aquarum
409 180 571 222 lavacro:
584 178 759 232 inJ‘atris
773 182 875 222 enirn
891 184 1058 232 nomine,
1080 190 1118 224 et
1131 181 1231 235 Filii,
1248 192 1286 226 et
1306 183 1410 239 Spiri-

175 243 234 284 tus
247 245 362 284 sancti
382 245 580 296 baptizati,
600 251 816 295 generamur
832 273 843 292 ‚
867 246 917 284 ait
931 241 981 285 D.
997 241 1297 298 chrysostomus.

202 322 206 327 ·
230 302 342 348 Idem
356 314 438 360 post
452 321 536 348 eum
550 307 643 347 dixit
655 305 874 360 Theophyl.
887 308 1045 348 verbum
1062 305 1142 348 Dei
1153 309 1260 350 finxit
1274 308 1378 351 Isaac
1389 324 1410 351 e

174 372 326 422 genuit3
343 370 523 410 consimili
539 371 627 410 sane
642 371 782 409 ratione
801 383 912 423 super
928 383 999 409 nos
1018 369 1098 410 filos
1112 367 1201 410 Dei.
1219 366 1267 408 In
1285 369 1410 413 lavacn

175 429 412 484 Baptismatis
424 460 437 480 ‚
465 430 578 471 veluti
592 433 631 470 in
658 432 806 471 matrice
818 460 829 480 ‚
846 432 960 471 verba
979 431 1103 471 divina
1122 434 1403 484 pronuntiantur

176 507 292 548 eaque
306 506 376 532 nos
391 494 574 545 refingunt
591 507 602 538 ς
623 492 806 546 siquidem
831 493 870 532 in
886 495 1038 533 nomine
1058 490 1178 533 Patris
1193 523 1204 542 ,
1223 499 1259 534 et
1277 491 1375 544 Filii,
1391 507 1410 534 e

176 555 334 611 Spiritus
347 560 463 599 sancti
478 559 653 611 baptizati
672 588 684 608 ‚
710 570 980 609 regeneramur.
1002 555 1321 611 Theophylactus.

229 617 359 673 Itaque
373 621 465 660 sicut
479 617 580 659 Isaac
591 632 700 659 verus
715 615 878 659 Abrahae
893 619 988 659 filius
1007 622 1026 659 ὲ
1044 617 1130 660 1)εο
1147 626 1331 672 reputatus
1347 626 1403 660 est

173 697 251 724 non
270 685 353 736 quia
371 697 420 724 ex
437 679 605 722 Abrahae
633 683 773 722 semine
786 711 800 730 ,
827 682 893 722 sed
911 683 994 734 quia
1013 695 1061 722 ex
1085 682 1328 734 promissione
1344 709 1355 729 ,
1391 695 1410 722 e

175 746 259 796 quia
271 743 360 783 fidei
383 741 544 784 Abrahae
559 743 718 782 imitator
735 758 744 788 ;
766 743 819 781 sic
836 747 872 782 et
888 756 987 782 nunc
1013 741 1053 782 hi
1069 744 1147 783 veri
1165 749 1249 782 sunt
1263 739 1410 783 Abraha

174 807 257 854 filii,
279 809 354 848 imo
371 813 409 846 et
429 807 692 858 omnipotentis
707 802 780 844 Dei
799 804 884 853 filii,
904 807 1064 859 non-qui
1089 819 1137 846 ex
1158 806 1403 857 sanguinibus

174 884 292 921 neque
300 884 350 908 ex
369 869 561 910 voluntate
575 869 700 907 carnis
711 896 722 916 .,
742 867 808 906 sed
824 868 887 919 qui
899 881 949 906 ex
967 868 1044 907 Deo
1067 880 1138 918 per
1157 869 1305 919 gratiam
1319 880 1407 920 rege

172 937 313 982 aerati,
336 934 450 974 fidem
468 939 649 974 sectantur
665 930 856 982 Abrahae,
874 932 1027 973 credunt
1042 962 1052 981 ,
1074 938 1110 972 et
1123 932 1301 972 obediunt
1320 927 1410 972 Deo

129 1046 138 1049 ς
226 997 390 1040 Domine
413 997 542 1048 Deus,
566 999 626 1050 qui
636 1011 707 1050 per
725 996 903 1036 infinitam
921 996 1208 1037 misericordiam
1224 1003 1339 1046 tuam,
1363 1009 1410 1035 m<

171 1060 285 1100 filium
302 1067 403 1100 tuum
425 1063 463 1100 in
479 1057 678 1111 Baptismo
688 1055 910 1109 regenerasti
928 1087 939 1108 ‚
964 1058 1009 1097 da
1029 1057 1119 1097 mihi
1138 1057 1250 1097 fidem
1269 1063 1307 1097 et
1326 1057 1410 1096 obe-

173 1123 369 1172 dientiam3
388 1130 428 1164 ut
443 1127 530 1164 vere
545 1151 556 1172 ‚
573 1129 610 1162 et
625 1124 662 1161 in
677 1123 752 1161 vita
764 1128 800 1161 et
817 1123 856 1160 in
874 1128 992 1161 morte
1009 1124 1028 1160 a
1041 1128 1077 1161 te
1091 1127 1238 1174 reputer
1247 1127 1286 1160 ut
1301 1120 1396 1160 filius

173 1191 298 1229 vivam
315 1202 403 1241 ergo
420 1187 598 1228 obediens
625 1191 663 1224 ut
681 1185 797 1231 filius3
829 1186 961 1225 moriar
978 1184 1156 1225 obediens
1181 1190 1220 1224 ut
1249 1183 1363 1232 filius;
1386 1185 1410 1224 ir

174 1254 352 1288 aeternum
369 1255 406 1288 te
421 1247 565 1300 diligam
575 1252 614 1286 ut
630 1246 739 1285 silius.

228 1307 283 1359 Y.
307 1325 368 1350 10.
386 1309 475 1348 Non
499 1309 621 1347 solum
651 1314 776 1346 autem
806 1308 872 1346 illa
893 1337 905 1348 .
924 1337 932 1346 .
949 1337 961 1348 .
981 1303 1192 1347 Affirmavit
1218 1303 1410 1360 Apostotu:

173 1371 232 1425 y.
256 1390 294 1426 7.
311 1372 350 1412 8.
371 1385 447 1411 non
458 1370 504 1410 ad
519 1384 650 1411 omnes
666 1369 826 1410 carnales
842 1367 1005 1409 Abrahae
1022 1369 1141 1416 filios
1165 1367 1232 1408 sed
1252 1367 1297 1407 ad
1315 1370 1410 1422 spiri·

169 1433 285 1473 tuales
314 1434 494 1485 pertinere
523 1426 784 1484 promissiones
809 1433 830 1469 a
853 1428 943 1469 Deo
977 1428 1087 1469 factas
1105 1426 1292 1476 Abrahae;
1313 1429 1410 1482 idque

172 1492 226 1546 ff·
245 1508 284 1549 9.
304 1495 474 1546 probavit
493 1507 539 1533 ex
555 1488 645 1546 ipsis
664 1494 914 1544 promissionis
932 1492 1056 1531 verbis
1069 1522 1080 1562 ’.
1102 1505 1182 1545 quae
1198 1497 1363 1543 spectant
1376 1505 1410 1532 at

171 1553 276 1595 Isaac
294 1559 460 1605 tantum,
480 1569 557 1595 non
575 1555 621 1594 ad
641 1552 848 1596 Ismaelem.

228 1617 326 1670 Quia
343 1626 466 1659 autem
483 1619 528 1659 ad
545 1619 619 1658 hoc
642 1614 764 1659 Judaei
779 1619 1003 1670 respondere
1020 1624 1186 1670 poterant
1205 1623 1259 1659 1.⁰
1277 1616 1410 1659 Ismae-

169 1684 241 1725 lem
270 1686 444 1736 rejectum
475 1683 610 1733 fuisse,
634 1685 716 1736 quia
748 1697 795 1724 ex
818 1684 1020 1723 concubina
1053 1688 1156 1722 natus
1180 1689 1255 1722 erat
1281 1695 1288 1718 τ
1319 1681 1410 1722 Isaar

169 1751 290 1786 autem
319 1746 474 1787 electum
494 1745 620 1793 fuisse,
654 1747 738 1798 quia
761 1759 807 1785 ex
827 1743 915 1785 Sara
943 1745 1078 1794 libera,
1097 1751 1133 1785 et
1151 1747 1260 1785 totius
1276 1743 1410 1786 tamilla

173 1807 323 1849 domina
346 1817 553 1863 procreatus
575 1815 663 1849 erat.

226 1869 328 1910 Hinc
344 1870 462 1911 Divus
477 1869 612 1911 Paulus
631 1869 724 1910 aliud
741 1870 891 1909 adducit
912 1870 1138 1922 exemplum,
1168 1872 1339 1911 nimirum
1353 1866 1410 1909 Ja-

170 1932 241 1972 cob
264 1939 300 1973 et
324 1927 423 1971 Esau
442 1962 453 1981 ‚
488 1946 536 1972 ex
565 1932 698 1972 eodem
724 1938 854 1983 patre,
885 1945 932 1971 ex
965 1931 1093 1971 eadem
1118 1938 1255 1981 matre,
1285 1932 1410 1972 eoderr

168 1998 336 2044 tempore
358 1994 524 2044 genitos;
559 2006 711 2046 quorum
738 1998 859 2032 tamen
883 1994 1003 2043 junior
1026 1992 1160 2033 electus
1183 1991 1269 2041 suit,
1296 1994 1410 2031 senior

169 2058 260 2094 vero
280 2054 448 2103 rejectus.

222 2114 278 2156 2.⁰
296 2111 351 2156 Se
369 2128 445 2154 non
476 2128 522 2155 ex
546 2113 701 2155 Ismaele
715 2144 725 2163 ,
748 2115 814 2155 sed
838 2128 886 2155 ex
906 2112 1007 2156 Isaac
1025 2125 1105 2154 esse
1126 2113 1362 2165 progenitos,
1381 2119 1410 2154 et

165 2187 438 2233 consequenter
454 2181 705 2232 promissionis
723 2179 829 2221 lilios.

218 2241 323 2284 Hinc
339 2241 536 2295 Apostolus
555 2242 626 2282 hoc
646 2242 819 2295 exemplo
837 2240 956 2283 Jacob
983 2248 1021 2282 et
1039 2239 1137 2281 Esau
1163 2239 1326 2280 ostendit
1341 2251 1410 2281 nou

161 2320 293 2383 ·mnes
310 2309 431 2361 quiex
446 2303 548 2348 Isaac
565 2335 576 2357 ‚
598 2318 679 2347 esse
708 2307 957 2359 promissionis
972 2304 1092 2354 filios;
1112 2307 1194 2345 cum
1207 2300 1305 2344 Esau
1316 2330 1329 2355 ‚
1344 2303 1410 2357 pri·
