1410 2554
1318 0 1410 8 ἡ

137 28 228 76 xxvj
580 35 929 68 Appnona'nontz.

113 93 279 138 Datum
293 92 468 135 Parisiis
458 95 496 133 m
506 95 634 134 nostr'o
649 90 777 146 majori
791 93 989 138 conventu
1011 95 1284 154 Assumptionis
1311 100 1385 144 Dei

141 156 338 199 Genitricis
366 155 495 198 Mariae
522 155 711 211 Virginis,
733 159 792 199 die
814 159 990 213 vigesima
1022 166 1160 205 mensis
1190 165 1382 218 februarii,

141 234 237 261 anno
253 217 389 259 Christi
411 217 528 274 1703.

442 301 490 344 F.
509 300 713 354 Arnxms,
730 303 918 347 Parisinus
936 289 1112 349 Exlector
1129 308 1357 365 Theologus.

138 433 269 518 Eoo
288 476 530 527 infrascriptus
543 504 555 524 ,
575 488 687 516 sacrae
707 474 902 528 theologiae
931 479 968 517 in
991 481 1159 530 primario
1183 478 1380 522 Conventa

133 547 260 581 nostro
281 537 488 588 Professor,
506 543 541 577 et
561 534 795 588 Superiorum
817 539 914 588 jussu
943 539 1133 592 deputatus
1152 542 1197 582 ad
1222 556 1378 584 examen

130 602 234 650 libri,
255 601 311 638 cui
327 598 448 637 titulus
466 604 521 637 est
541 612 550 636 ε
574 597 826 648 Epis-[olorum
846 597 961 638 Beati
978 599 1093 639 Pauli
1113 603 1292 654 Apostoli
1300 606 1379 644 tri-

128 664 219 712 plcx
237 660 448 711 Εοιροείίὶο,
473 659 656 709 Αηαῖ]’,ςι’,
685 658 920 710 paraphrasi
932 668 1043 711 alque
1072 661 1364 712 Commentario,

129 724 295 766 Auctore
306 722 508 764 reverendo
525 729 626 774 patre
640 721 867 764 Bernardino
884 728 903 765 a
922 724 1076 766 Piconio
1089 756 1099 774 ‚
1118 728 1253 768 ordinis
1266 731 1378 769 nostri

131 786 404 831 concionatore,
420 794 532 820 sacrae
554 781 747 833 theologiae
778 783 864 822 olim
886 786 924 823 in
954 784 1026 824 hoc
1055 786 1187 825 eodem
1208 789 1377 838 primario

128 847 324 890 Conventa
347 845 572 894 professore,
585 846 750 896 ejusdem
766 845 981 888 Conventus
993 856 1073 898 post
1089 850 1238 890 modum
1257 849 1377 893 Guar-

126 912 235 951 diano
244 940 255 958 ,
271 911 455 959 totiusque
469 914 602 946 nostrae
611 905 824 947 parisiensis
837 903 1035 959 provinciae
1049 911 1165 962 primo
1173 905 1377 953 definitorei

181 973 285 1016 Circa
306 973 378 1013 hoc
398 986 502 1024 opus,
521 971 619 1024 quod
631 976 818 1020 accurate,
839 979 874 1013 et
892 973 1051 1014 maxima
1072 974 1190 1015 cordis
1214 982 1249 1016 et
1265 978 1376 1017 animi

125 1038 311 1090 voluptate
327 1035 419 1086 legi,
439 1040 601 1074 mentem
622 1047 741 1074 meam
762 1034 891 1074 melius
903 1037 1107 1087 exprimere
1121 1050 1197 1076 non
1210 1050 1374 1088 possum,

124 1100 234 1151 quam
259 1094 504 1136 testificando
539 1094 637 1146 quod
671 1094 761 1133 illius
796 1093 938 1133 Auctor
969 1094 1037 1134 sua
1069 1094 1166 1134 novzi
1197 1095 1374 1138 methodo

122 1157 296 1211 Apostoli
313 1163 476 1198 mentem
506 1155 679 1196 lectorum
698 1169 845 1195 suorum
873 1158 1055 1196 mentibus
1073 1159 1126 1196 sic
1141 1159 1316 1209 exponit,
1334 1165 1375 1199 ut

122 1229 160 1262 et
175 1222 315 1262 illorum
338 1220 446 1260 corda
467 1219 599 1258 divinis
619 1216 762 1258 Paulini
794 1220 950 1270 pectoris
972 1218 1162 1259 ardoribus
1184 1220 1372 1261 accendat.

123 1281 275 1323 Etenim
291 1282 377 1321 dum
395 1293 459 1333 per
475 1279 647 1331 analysim
661 1285 780 1331 partes
799 1280 1082 1331 uniuscujusque
1102 1279 1226 1330 capitis
1246 1280 1284 1318 in
1301 1293 1370 1319 or-

123 1345 250 1385 dinem
284 1342 440 1394 redigit,
477 1341 564 1380 dum
586 1353 653 1392 per
676 1340 921 1394 paraphrasim
949 1353 1095 1380 sensum
1117 1337 1373 1392 Apostolicum

123 1409 261 1460 absque
276 1406 488 1456 ambagibus
503 1404 551 1442 ob
565 1402 688 1442 oculos
704 1405 876 1454 exponit,
898 1403 985 1442 dum
1000 1415 1062 1454 per
1072 1404 1373 1443 commentarium

122 1480 255 1510 sensus
282 1468 540 1511 abstrusiores,
582 1471 617 1504 et
645 1467 759 1517 magis
790 1465 999 1505 reconditos
1027 1464 1211 1511 enucleat;
1239 1461 1282 1506 fit
1304 1472 1366 1513 ut,

123 1531 287 1572 tenebris
307 1527 624 1576 evanescentibus,
647 1532 790 1566 sanctus
802 1523 936 1565 Paulus
951 1525 1115 1565 coelestes
1133 1527 1292 1566 veritatis
1308 1539 1371 1566 ra·-

126 1593 208 1632 dios
227 1591 410 1630 mentibus
429 1589 595 1635 emittat,
622 1587 753 1638 quibus
775 1587 1010 1627 excellentior
1026 1587 1175 1639 quidem
1191 1585 1370 1628 charitatis

125 1657 184 1694 via
205 1653 492 1692 demonstratur:
509 1655 544 1688 at
559 1647 646 1687 dum
663 1650 740 1700 pios
756 1646 904 1688 affectus
925 1654 998 1688 tam
1028 1646 1113 1699 apte
1127 1679 1137 1697 ,
1156 1646 1242 1699 {tam
1272 1662 1364 1688 con-

124 1718 211 1769 grue
226 1714 271 1753 ad
292 1718 454 1752 mentem
472 1716 507 1750 et
525 1722 587 1749 cor
606 1708 697 1748 itlius
720 1707 920 1760 Apostoli,
942 1722 1050 1762 quem
1066 1705 1199 1748 Christi
1219 1708 1370 1749 charitas

124 1775 301 1827 urgebat,
321 1772 493 1813 cordibus
508 1769 706 1810 Lectorum
724 1771 907 1818 immittit,
923 1770 962 1810 fit
975 1777 1013 1810 ut
1029 1772 1246 1822 quiattentae
1263 1770 1368 1822 hujus

125 1839 245 1889 operis
263 1835 408 1876 lectioni
427 1832 622 1880 incumbit,
643 1831 742 1872 velut
761 1832 1027 1872 exultabundus
1047 1844 1129 1871 cum
1141 1827 1274 1870 Christi
1292 1831 1369 1872 dis-

124 1893 249 1951 cipulis
266 1896 467 1937 exclamet:
489 1892 625 1932 Nonne
655 1907 719 1931 cor
734 1900 902 1933 nostrum
920 1894 1054 1933 ardens
1071 1899 1158 1932 'erat
1186 1894 1225 1931 in
1243 1893 1364 1943 nohis,

124 1961 214 1999 dum
231 1961 390 2010 aperiret
408 1957 515 1995 nobis
532 1955 772 2006 Scripturas?

180 2019 268 2063 Hoc
285 2022 388 2072 igitur
405 2032 509 2071 opus,
522 2030 596 2056 non
614 2015 731 2055 solum
746 2015 928 2058 inoffenso
945 2016 1039 2071 pede
1054 2020 1213 2068 percurri
1231 2024 1363 2071 potest,

124 2082 206 2134 quta
223 2079 311 2120 nihil
330 2080 415 2119 fidei
439 2078 644 2118 christianae
661 2107 671 2125 ‚
689 2083 726 2117 et
754 2079 821 2130 piis
849 2081 1011 2120 moribus
1027 2081 1246 2119 contrarium
1268 2094 1368 2121 con—

124 2146 217 2183 tinet
237 2159 245 2186 ;
265 2141 330 2181 sed
347 2143 503 2181 maxima
523 2142 630 2180 etiam
648 2152 729 2179 cum
747 2140 917 2188 utilitate,
940 2147 1015 2181 tum
1031 2143 1112 2193 quia
1124 2142 1315 2182 veritatem
1329 2147 1369 2183 et

123 2202 334 2244 charitatem
348 2230 360 2250 ,
378 2196 514 2241 mentis
529 2208 565 2240 et
585 2199 703 2239 cordis
722 2201 833 2239 vitam
848 2228 858 2248 ‚
882 2203 942 2253 pie
962 2200 1066 2241 simul
1084 2208 1119 2241 et
1143 2205 1280 2242 attente
1309 2202 1369 2245 le-

124 2263 308 2317 gentibus,
331 2263 467 2315 ubique
479 2263 587 2313 spirat
603 2277 613 2309 ;
632 2262 810 2315 tumquia
826 2262 916 2302 mira
934 2261 1039 2314 hujus
1054 2259 1224 2305 Auctoris
1240 2265 1367 2311 indus-

1407 2083 1410 2173 i

1406 2174 1410 2267 l

1404 2274 1410 2315 l
