1410 2554
68 38 164 98 ,364
438 44 649 86 iamsi-om
678 37 736 73 An
765 41 964 72 nomm-zos

128 105 230 150 'Male
255 108 366 146 etiam
385 105 522 146 ultimis
538 105 663 153 verbis
691 103 888 143 abutuntur
901 130 914 149 ,
933 101 1034 153 quasi
1055 95 1258 151 Apostolus
1278 97 1339 139 sa·
1400 105 1410 135 ⁴:

76 164 247 214 cultatem
266 166 450 219 indulgeat
469 174 506 207 et
527 164 700 206 credendi
719 170 755 204 et
771 162 904 216 agendi
923 175 990 214 pro
1003 161 1106 201 libito
1121 177 1131 200 :
1148 164 1219 214 agit
1236 164 1340 203 enim

76 228 280 284 Apostolus
297 227 345 268 de
359 229 470 268 rebus
487 240 535 267 ex
555 238 596 265 se
613 225 909 266 indifferentibus
923 251 934 270 ,
957 235 1034 262 non
1049 221 1096 260 de
1114 223 1223 262 rebus
1239 222 1340 274 fidei,

79 297 141 332 aut
158 291 206 332 de
228 291 414 343 praeceptis
439 285 617 328 Ecclesiae
633 316 646 334 ,
672 301 710 327 v.
735 301 788 339 g.,
807 285 854 325 de
870 285 1015 336 jeiuniis
1030 312 1040 332 ‚
1063 289 1124 323 aut
1144 283 1342 324 abstinen-

78 357 150 405 tia,
190 353 237 394 ab
274 351 440 394 Ecclesia
477 352 670 408 xinstitutis
706 365 716 389 ι
754 353 840 390 esim
875 351 976 389 enim
1023 361 1155 387 omnes
1206 343 1344 387 Chris-

81 419 171 458 tiani
189 445 200 466 ‚
223 415 347 456 'etiam
381 417 419 455 in
461 415 685 454 conscientia
698 442 710 463 ,
758 414 928 465 potestati
965 408 1228 450 Ecclesiasticae
1275 415 1343 450 te·-

83 487 239 522 neantur
256 479 430 527 obedire3
449 485 489 518 ut
503 478 626 518 docuit
646 491 724 530 cap.
746 475 988 530 praecedenti,
1008 476 1079 514 sibi
1099 475 1167 526 ipsi
1189 478 1343 512 contra-

86 547 228 588 diceret
250 544 378 585 dicens
399 559 407 582 :
432 543 688 596 Unusquisque
712 544 751 581 in
766 556 832 581 suo
845 555 953 581 sensu
976 539 1151 579 abundet.

140 605 196 660 fi.
212 606 252 648 6.
271 606 350 660 Qui
364 607 464 658 sapit
482 605 580 644 diem
595 633 610 651 ,
642 604 805 644 Domino
835 601 949 654 sopit.
984 598 1051 640 Gr.
1084 599 1208 648 addit,
1230 604 1267 638 et
1285 599 1346 651 qui

83 672 179 724 sapit
197 670 296 710 diem
311 697 323 719 ,
346 665 509 708 Domino
542 680 619 707 non
640 668 744 720 sapit.
773 663 891 716 Addit
915 670 950 704 et
967 661 1080 712 Syrus
1097 692 1108 711 ‚
1149 669 1185 702 et
1211 658 1348 714 Chrys.
1408 666 1410 677 ³

83 729 322 771 Theodoret.
344 727 561 781 Theophyl.
585 725 682 778 Quia
703 733 826 766 tamen
847 724 1032 778 Origenes
1053 725 1090 764 id
1113 737 1190 764 non
1209 721 1346 772 habet,

86 808 160 835 nec
169 791 391 835 Ambrosius
409 823 420 842 ,
440 806 510 832 nec
525 792 614 831 ullus
633 790 801 830 codicum
816 795 1042 831 nosti-orum:
1061 787 1149 826 hinc
1174 783 1347 826 Erasmus

90 855 281 911 probabile
294 860 393 907 putat
410 852 510 906 quod
520 852 566 893 ad
578 850 626 893 D.
636 847 747 891 Pauli
758 843 1045 904 explicationem
1056 847 1161 888 suerit
1171 845 1350 885 additum.

149 916 290 959 Sensus
321 923 443 957 autem
469 922 526 955 est
543 930 552 953 :
571 916 632 967 qui
653 914 826 954 discernit
852 913 950 952 diem
981 911 1208 951 abstinentiae
1240 911 1261 948 a
1291 908 1353 950 die

89 993 168 1021 non
199 977 436 1027 abstinendi,
471 975 531 1015 vel
559 975 659 1015 diem
683 974 816 1016 festum
837 977 856 1012 a
884 974 944 1014 die
963 973 1128 1025 vulgari,
1149 971 1185 1011 id
1209 971 1255 1011 ad
1278 970 1351 1012 Dei

91 1042 245 1095 gloriam
265 1046 302 1080 et
319 1039 540 1090 obsequium
563 1036 659 1077 facit.

148 1101 255 1144 Idem
272 1099 549 1154 intelligendum
567 1100 614 1139 de
640 1113 707 1150 e0‚
731 1100 792 1151 qui
812 1112 887 1138 non
905 1097 1101 1144 discernit,
1129 1096 1195 1136 sed
1221 1094 1354 1147 judicat

94 1177 246 1206 omnem
263 1163 362 1203 diem
387 1162 564 1202 idoneum
584 1160 629 1201 ad
644 1174 753 1212 opera
770 1161 911 1212 pietatis
930 1165 964 1199 et
987 1161 1210 1210 poenitentiae
1226 1175 1236 1207 ;
1255 1159 1294 1199 id
1306 1158 1353 1198 ad

92 1225 168 1269 Dei
190 1225 342 1279 gloriam
360 1223 457 1264 sac'it.

152 1289 204 1328 Et
227 1289 292 1340 qui
318 1286 557 1332 manducat:
576 1285 614 1324 id
640 1291 721 1333 est,
753 1286 840 1324 item
871 1278 935 1335 qui
968 1287 1174 1336 promiscue
1209 1284 1355 1337 quidvis

98 1350 260 1392 comedit
276 1382 287 1400 ,
310 1356 346 1389 et
366 1351 497 1401 quovis
522 1348 606 1396 die,
627 1347 664 1386 id
685 1349 793 1386 etiam
822 1346 869 1385 ad
888 1345 960 1387 Dei
984 1348 1132 1398 gloriam
1164 1347 1246 1387 facit
1270 1363 1279 1385 ε
1302 1348 1354 1386 si-

97 1416 232 1456 militer
248 1420 285 1454 et
302 1414 362 1468 qui
380 1413 537 1452 abstinet
552 1413 572 1451 a
590 1410 682 1449 cibis
703 1408 783 1460 lege
803 1409 925 1448 vetitis
939 1438 950 1457 ,
964 1409 1010 1447 ad
1027 1405 1185 1448 Domini
1205 1407 1355 1460 gloriam

97 1479 283 1518 abstinet:
313 1483 349 1516 et
367 1482 520 1527 uterque
543 1468 637 1513 Deo
657 1474 785 1525 gratias
809 1473 903 1522 agit,
937 1469 996 1510 hic
1024 1485 1090 1522 pro
1112 1472 1202 1511 cibis
1231 1472 1300 1525 ipsi
1318 1471 1358 1511 in

97 1540 182 1590 lege
203 1535 368 1578 Mosaica
390 1535 575 1588 permissis
594 1549 604 1580 ;
630 1533 688 1573 ille
718 1546 783 1585 pro
809 1533 981 1572 omnibus
1001 1534 1091 1572 cibis
1106 1563 1117 1582 ,
1149 1533 1279 1586 quibus
1308 1545 1357 1573 ex

99 1600 326 1654 Evangelica
351 1599 515 1638 libertate
534 1598 655 1635 utitur.

163 1663 279 1715 Quasi
308 1657 606 1701 diceret2Novit
620 1654 805 1696 Dominus
836 1662 872 1696 et
893 1657 1167 1696 comedentium
1198 1663 1233 1698 et
1264 1658 1362 1707 jeju-

105 1730 271 1770 nantium
294 1727 562 1767 intentionem
588 1734 656 1760 nec
675 1721 927 1760 tantummodo
948 1719 1079 1759 sai-tum
1095 1751 1106 1770 ‚
1126 1721 1192 1760 sed
1215 1727 1251 1760 et
1278 1719 1363 1759 sacti

103 1793 338 1845 propositum
347 1788 514 1828 attendit.
527 1785 628 1826 Hinc
643 1787 726 1837 quia
742 1792 776 1825 ct
791 1784 990 1824 comedens
1007 1792 1043 1824 et
1059 1786 1224 1835 jejunans
1236 1782 1363 1824 Deum

107 1852 291 1891 honorare
314 1848 495 1899 intendit,
532 1854 683 1898 uterque
713 1860 779 1885 suo
809 1848 932 1885 sensui
963 1846 1221 1899 relinquendus
1241 1852 1308 1886 est.

165 1912 268 1955 Hinc
286 1913 383 1953 disce
407 1917 459 1952 1.⁰
478 1912 666 1951 neminem
697 1907 1043 1957 condemnandum,
1071 1909 1137 1949 scd
1174 1913 1292 1962 potins
1314 1909 1364 1950 ob

109 1982 356 2020 intentionem
379 1973 640 2016 excusandum.

171 2043 229 2079 2.⁰
246 2036 494 2090 Simpliciores
513 2032 707 2086 aliquando
729 2036 765 2072 in
786 2034 858 2072 suis
879 2032 1140 2074 devotionibus
1154 2064 1164 2082 ,
1186 2037 1255 2075 etsi
1272 2035 1366 2078 sorte

113 2114 191 2141 non
207 2099 408 2159 secundum
428 2098 588 2136 strictam
621 2101 657 2135 et
686 2108 851 2134 severam
872 2093 1064 2135 scientiam
1081 2125 1092 2146 ,
1126 2095 1204 2148 plus
1226 2097 1368 2149 placere

112 2161 225 2213 Deo,
249 2163 299 2201 ob
318 2160 531 2211 intentionis
548 2160 763 2211 puritatem,
785 2160 892 2211 quam
911 2158 1090 2198 doctiores
1112 2159 1147 2197 in
1165 2161 1369 2202 actionibus

114 2226 227 2265 etiam
243 2222 445 2265 secundum
464 2221 654 2261 scientiam
669 2250 680 2271 ,
697 2221 742 2260 ab
769 2221 940 2260 omnibus
969 2222 1177 2275 approbatis
1196 2240 1205 2271 ;
1225 2224 1274 2264 ob
1297 2223 1370 2276 deff:

117 2286 255 2330 sectum
272 2283 410 2329 scilicet
439 2283 653 2325 intentionis
674 2282 793 2322 minus
808 2293 911 2334 purae
931 2288 967 2323 ct
989 2282 1148 2325 devotae.
