1410 2554
299 92 733 128 'rmum-nmmo.
761 83 856 139 cop.
883 84 975 129 XV.
1190 82 1300 130 3⁸8*

66 154 130 212 ft
147 168 199 199 θ’.»
220 156 483 211 Unusquisque
496 154 663 197 vestr-din
676 155 899 210 pmm‘mo...
929 153 998 198 Gr.
1013 153 1181 199 nostr-«im
1201 156 1302 209 35³⁰

11 226 92 270 est,
106 219 174 261 sed
189 220 440 273 unusquisque
458 219 628 272 proximo
646 232 715 259 suo
739 217 1036 269 condescendab,
1056 232 1297 275 moremque*

9 289 119 336 gerat
127 288 172 323 nt·
183 282 290 324 iiiam·
304 280 370 322 sna
385 280 558 323 charitate
569 281 725 322 aedificet
736 296 753 322 τ
770 280 818 322 ad
832 282 975 323 bonurn
992 281 1162 334 attrahat,
1183 295 1291 326 me-·

8 343 149 397 tiorque
168 343 246 385 fiat.

65 405 170 449 Nota
197 406 303 459 quod
325 418 410 446 non
436 406 476 446 in
503 406 681 446 omnibns*
715 407 888 458 proximo
922 412 1049 449 nostro
1079 408 1299 460 gratificas·

11 469 215 519 debemus,
234 468 303 508 sed
326 469 364 508 in
388 469 432 508 iis
450 480 536 521 quae
554 469 666 520 ipsius
680 469 783 508 bono
803 475 840 509 et
857 469 1088 511 aedificationi
1107 470 1266 514 cedunt:

0 529 318 588 ‘erim-hoodiffert
333 530 595 584 complacentia
607 559 620 582 ,
639 544 749 584 quam
764 533 917 586 inspirat
929 531 1084 575 charitas
1096 563 1109 586 ,
1122 535 1168 576 ab
1184 533 1241 576 illa
1253 565 1268 586 ,
1294 566 1301 572 .

10 606 121 647 quarn
136 595 287 647 inspirat
302 594 494 647 cupiditas.
1147 615 1153 622 -

63 653 254 710 Cupiditas
280 662 318 697 et
345 655 529 697 mundana
556 654 707 696 dilectio
731 656 943 711 complacet·
955 659 993 698 in
1017 657 1114 699 malo
1130 687 1144 710 ,
1163 664 1201 699 et
1218 655 1293 699 ads-‘¹

8 718 171 765 malumt
189 719 317 760 divina
331 718 486 760 charitas
504 720 542 759 in
565 719 688 769 bono,
711 726 749 760 et
767 720 814 760 ad
834 722 976 762 bonum
991 735 1001 761 z
1017 720 1100 762 haec
1118 720 1267 776 placere

9 780 136 822 studet
150 786 190 821 ut
205 781 320 822 salvet
334 796 344 828 3
363 780 420 820 illa
434 780 550 834 placet
565 780 831 823 adulationibus
844 787 884 822 ut
901 782 1043 836 perdat.

64 839 123 894 y.
151 839 192 882 3.
223 842 375 882 Etenim
402 842 574 883 Christus
590 858 667 883 non
685 845 760 884 sibi
776 845 936 896 placuit.
960 842 1078 896 Urget
1092 844 1267 900 exemplo

8 901 148 947 Christi
158 933 172 956 ,
187 919 255 947 seu
263 905 436 960 exemplo
453 905 638 947 charitatis
652 920 760 960 quam
771 904 1041 960 Christus-erga
1055 921 1126 948 nos
1135 921 1276 950 ornnes

7 970 184 1011 exercuit.

62 1032 214 1073 Etenim
240 1032 423 1075 Christus.
440 1029 533 1074 Non
553 1035 708 1086 propriis
726 1035 933 1076 commodis
948 1064 958 1084 ,
982 1034 1183 1086 voluntati,
1203 1043 1267 1078 aut

8 1094 122 1148 quieti
136 1093 292 1142 studuit3
312 1095 379 1135 sed
397 1094 521 1148 gloriae
539 1093 635 1147 Dei,
653 1102 689 1136 et
708 1096 858 1140 humani
873 1099 1020 1151 generis
1034 1097 1153 1138 saluti.

59 1158 165 1197 Sicut
194 1159 373 1210 scriptum
402 1167 470 1200 est.
496 1155 563 1199 Ps.
593 1158 660 1200 68.
689 1167 760 1202 etc.
788 1167 826 1201 ut
846 1167 944 1214 patet
966 1175 1014 1202 ex
1034 1163 1159 1202 verbis
1179 1174 1273 1214 quae'

3 1215 162 1261 Davidis
179 1233 244 1259 ore
266 1222 500 1272 pronuntiat:
522 1220 605 1261 haec
632 1222 745 1262 verba
765 1222 857 1262 duos
885 1236 1014 1263 sensus
1033 1221 1172 1264 habent
1187 1253 1199 1274 ,
1224 1230 1265 1264 et

2 1282 161 1334 probant
193 1283 292 1337 quod
316 1281 484 1325 Christus
508 1280 591 1325 Dei
620 1284 771 1336 gloriam
801 1291 837 1326 et
854 1292 1015 1327 nostram
1032 1286 1182 1328 salutem
1202 1288 1264 1327 in-

3 1345 189 1386 tendebat.

58 1405 291 1458 Impmpere’a
313 1408 648 1460 improperantium
667 1406 780 1449 tihi...
798 1406 836 1447 id
855 1413 923 1456 est,
951 1414 1115 1460 peccata,
1137 1413 1271 1450 contra

3 1471 62 1515 te,
82 1464 188 1507 Deus
202 1497 213 1518 ‚
228 1466 320 1508 sacta
331 1496 341 1516 ,
358 1469 407 1508 ita
422 1481 483 1509 me
499 1467 730 1522 afflixerunt,
748 1484 789 1510 ac
801 1468 834 1510 si
853 1470 892 1510 in
909 1484 970 1512 me
988 1470 1081 1511 sacta
1093 1470 1263 1513 fuissent.

2 1524 106 1569 Eece
117 1528 239 1580 gloria·
246 1525 339 1570 Dei.

59 1588 152 1641 Vel,
182 1594 235 1632 sic
254 1592 303 1631 ob
324 1605 366 1632 ea
388 1591 508 1643 dolui,
537 1599 576 1633 ut
602 1593 648 1634 ad
666 1592 881 1646 placandum
899 1596 989 1634 iram
1005 1600 1103 1636 tuam
1121 1597 1159 1635 in
1180 1594 1260 1636 ho—

0 1655 121 1696 mines
137 1683 149 1704 ‚
172 1656 234 1708 qui
250 1667 292 1695 ea
315 1656 619 1707 committebant,
639 1658 716 1709 ipsa
741 1658 781 1698 in
796 1670 857 1698 me
872 1657 1002 1699 luenda
1020 1661 1259 1712 susceperim.

0 1715 105 1761 Ecce
115 1717 268 1760 charitas
289 1721 464 1772 proximi.

54 1780 183 1835 Itaque
215 1783 306 1822 sicut
341 1780 508 1824 Christus
539 1790 686 1836 peccata
716 1791 838 1826 nostra
863 1785 964 1836 tulit,
996 1787 1049 1826 sic
1079 1785 1259 1827 debemus

0 1843 150 1887 fratrum
166 1846 392 1887 infirmitates
412 1845 519 1888 serre.

52 1907 110 1960 γ.
144 1910 185 1960 4.
211 1910 465 1962 Quoecumque
493 1910 593 1950 em'm
616 1911 759 1962 scripta
780 1916 880 1951 sunt.
909 1907 978 1952 Gr.
1011 1918 1097 1952 ante
1124 1913 1269 1964 scripit

1 1977 106 2018 sunt;
127 1985 192 2012 seu
216 1974 437 2026 praescripta.
461 1970 548 2025 Syr.
567 1972 745 2027 quidquid
761 1974 861 2014 enim
879 1973 1065 2025 quondam
1080 1977 1264 2029 scriptum

2 2039 81 2082 est,
103 2036 143 2076 in
158 2038 275 2077 veteri
295 2034 538 2077 Testamento
557 2035 706 2078 scilicet.

54 2092 256 2138 Rationem
270 2097 332 2137 dat
349 2111 412 2138 cur
429 2099 543 2140 verba
561 2099 598 2138 in
618 2111 774 2151 persona
790 2094 926 2138 Christi
942 2100 962 2138 a
988 2095 1137 2140 Davide
1160 2114 1256 2153 pro-

0 2158 164 2198 nuntiata
187 2158 398 2211 allegaverit
423 2160 469 2199 ad
489 2166 650 2201 nostram
679 2161 957 2201 instructionem
986 2177 995 2200 :
1021 2164 1105 2215 quia
1121 2163 1263 2204 scilicet¹

0 2224 76 2259 tota
88 2217 275 2273 Scriptura
285 2223 340 2262 ad
348 2230 517 2263 nostram
536 2224 745 2264 doctrinam
765 2221 929 2263 ordinata
943 2226 990 2264 sit
1007 2232 1074 2265 :nt
1087 2240 1156 2278 per·
1173 2241 1262 2279 pa·-

0 2283 189 2331 tientiam,
210 2283 258 2324 ad
275 2298 384 2339 quarn
399 2299 468 2327 nos
480 2285 671 2328 hortantur
681 2283 880 2340 Scriptum
898 2285 1080 2339 exemplis
1090 2282 1254 2328 Sancto—

0 2358 106 2400 rum,
124 2354 161 2390 et
181 2350 344 2391 maxime
367 2347 527 2404 Christi,
548 2358 585 2392 ee
602 2365 670 2405 per
689 2351 1005 2402 consolationem,
1027 2364 1137 2406 quarn
1155 2364 1270 2394 ver-r
