1410 2554
278 3 458 50 ninii:
484 17 717 49 expostulo.
750 1 848 57 Cap.
870 2 993 44 XIII.
1186 0 1265 55 347

4 84 129 121 sancta
156 91 293 135 opera,
316 93 396 133 quae
425 84 513 121 sunt
544 85 583 120 et
614 77 828 118 indumenta
856 76 987 129 quibus
1016 75 1195 127 tegimur,
1230 78 1270 113 et

3 155 104 183 arma
118 171 131 192 ‚
163 140 297 194 quibus
351 143 576 196 protegimur
617 146 741 182 contra
786 145 920 179 nostrae
966 137 1089 178 salutis
1129 135 1270 176 hostes.

60 203 219 247 AEterna
232 235 243 255 ‚
259 218 406 258 semper
424 206 609 246 manentia
628 203 815 256 diligamus
830 232 840 252 ‚
862 206 1056 242 sectemur.

59 262 142 308 Vel
156 269 267 308 etiam
280 273 400 321 potest
414 266 484 307 dici
498 280 581 306 curn
595 263 839 306 Theodoreto
852 292 867 312 ,
882 261 981 316 quod
994 268 1108 302 totum
1123 266 1269 314 tempus

5 329 107 384 quod
126 327 420 372 Incarnationem
440 328 648 382 praecessit,
675 341 751 367 nox
770 326 858 375 suit,
883 331 1025 377 tempus
1054 323 1267 375 ignorantiae

3 392 72 434 fuit
95 400 268 446 :tempus
310 395 400 434 vert»
429 393 475 432 ab
502 389 778 440 Incarnatione‚
810 389 888 430 dies
912 394 987 436 est,
1011 392 1110 426 ortus
1131 392 1186 426 est
1211 384 1267 426 sol

1 455 165 506 justitiae.

60 514 167 567 Hinc
194 515 324 558 fideles
347 514 510 558 hortatur
533 512 735 569 Apostolus
752 512 798 553 ad
828 524 936 566 opera
954 510 1068 560 lucis,
1092 509 1138 550 ad
1154 511 1267 550 vitarn

3 575 272 632 Evangeticam
285 608 296 628 ‚
328 592 394 620 seu
415 585 452 620 ut
472 580 521 620 ait
539 580 577 619 in
597 591 678 631 cap.
708 591 768 617 ια.
788 571 834 620 77.
862 591 900 616 2.
927 571 1210 626 &formamini
1228 574 1268 612 1'n

4 646 171 693 nooitate
187 641 329 684 sensas.

59 700 116 754 y.
144 703 205 744 13.
234 701 344 742 Sicut
363 704 402 743 ιή
422 703 483 742 die
504 703 694 744 honeste...
714 701 751 742 id
769 707 843 750 est,
867 708 905 741 et
929 702 1012 753 quia
1030 699 1108 740 dies
1131 705 1209 749 est,
1228 703 1268 739 ut

7 766 110 815 dixi,
139 766 219 806 sive
253 765 454 819 intelligas3
486 759 570 819 quia
590 772 689 807 ortus
715 771 772 805 est
804 763 858 803 sol
885 764 1032 814 justitiae
1051 777 1062 804 z
1083 764 1162 802 sive
1183 763 1267 816 quia

7 829 217 871 aeternitatis
231 829 310 870 dies
324 831 599 883 appropinquat.
611 828 857 869 Ambulemus
875 827 1049 868 decenter
1059 826 1269 879 compositi,

5 892 97 932 sicut
118 890 253 932 faciunt
271 891 319 932 illi
332 921 342 941 ,
369 894 430 944 qui
444 894 481 932 in
503 892 688 946 publicum
707 889 914 944 prodeunt;
932 888 969 928 id
989 894 1068 938 est,
1088 901 1199 942 opera
1213 884 1268 927 sa·

4 956 164 1007 ciamus,
182 969 264 1008 qnae
280 955 396 996 lucem
414 968 492 996 non
510 953 763 996 reformident.

60 1016 152 1058 Non
174 1019 214 1057 in
239 1019 590 1067 comessationibus,
612 1024 648 1056 ct
669 1017 963 1058 ebrietatibus..·.
980 1012 1069 1057 Tria
1092 1014 1269 1068 praecipm':

3 1079 183 1134 fugiamus
200 1094 311 1134 opera
328 1082 560 1121 tenebrarum
573 1109 584 1130 ‚
604 1080 741 1121 scilicet
760 1082 1044 1120 comessationes
1063 1085 1100 1119 et
1118 1092 1268 1132 compo·

5 1145 183 1193 tationes,
205 1142 243 1183 id
263 1150 343 1193 est,
365 1143 486 1196 epulas
499 1174 510 1194 ‚
530 1156 611 1197 quae
629 1142 720 1183 fiunt
738 1145 878 1183 tantum
899 1143 1100 1197 voluptatis
1120 1147 1156 1181 et
1175 1140 1267 1192 gulae

5 1203 112 1245 causa
131 1219 140 1244 :
158 1203 256 1244 unde
280 1204 474 1246 ebrietates
488 1234 499 1252 ‚
521 1219 602 1258 quae
625 1211 789 1245 mentem
812 1203 997 1256 alienant,
1017 1211 1053 1245 et
1072 1204 1119 1244 ad
1136 1204 1267 1245 libidi-

4 1276 94 1306 nem
109 1269 147 1304 et
166 1262 233 1304 alia
247 1265 337 1304 vitia
356 1271 572 1318 provocant.

58 1320 275 1364 Libidinum
292 1326 481 1378 spurcitias
495 1355 507 1377 ,
528 1327 661 1379 quaein
676 1325 855 1367 cubilibus
873 1326 984 1376 fiunt,
1003 1331 1042 1367 et
1056 1325 1140 1367 alias
1155 1338 1270 1380 quas-

5 1399 163 1442 cumque
182 1386 360 1429 lascivias.
903 1385 916 1391 “

58 1446 224 1489 Invidias
239 1455 347 1504 atque
366 1452 621 1492 contentiones
639 1465 706 1504 pro
720 1451 923 1494 honoribus
933 1451 1186 1505 assequendis.
1199 1449 1266 1494 Gr·

6 1524 85 1552 non
101 1511 140 1550 in
154 1510 216 1551 lite
227 1539 239 1560 ,
262 1518 299 1552 et
320 1512 565 1554 aemulatione.
582 1511 660 1555 Hic
676 1516 858 1569 praecipue
875 1517 942 1556 tria
958 1517 1130 1556 vitiorum
1149 1517 1266 1570 capita

6 1577 201 1624 tanguntur
216 1570 388 1625 fugienda
407 1589 418 1614 ε
441 1574 522 1628 gula
536 1604 548 1626 ‚
566 1574 680 1616 libido
696 1606 707 1626 ,
734 1577 900 1618 ambitio.
923 1574 1090 1618 Primum
1108 1579 1266 1621 abutitur

5 1634 116 1676 bonis
125 1637 299 1685 externis5
315 1638 516 1678 secundnm
530 1639 639 1680 bonis
650 1642 827 1693 corporis;
842 1642 989 1681 tertium
1001 1643 1133 1682 anima
1141 1642 1267 1683 bonis.

56 1704 120 1748 Ex
135 1708 309 1750 ebrietate
331 1717 366 1751 et
384 1712 606 1765 impudicitia
625 1726 704 1766 quae
719 1713 810 1754 mala
827 1719 1024 1766 sequantur
1037 1745 1047 1764 ,
1066 1713 1154 1755 vide
1167 1713 1265 1768 apud

3 1766 56 1811 D.
77 1767 383 1824 chrysostomum
398 1802 408 1821 ,
429 1772 506 1815 hic.

59 1828 114 1882 st.
138 1834 202 1885 14.
219 1836 296 1875 Sed
326 1835 533 1877 induimini
555 1839 760 1879 Dominum
784 1837 915 1880 Jesum
945 1839 1148 1881 Christum.
1178 1837 1263 1882 Hac

6 1895 221 1951 metaphora
235 1898 444 1953 frequenter
455 1903 564 1943 utitur
578 1895 883 1956 Apostolus‚Gal.
896 1904 934 1945 3.
947 1919 1014 1958 ²7·
1026 1902 1126 1959 Eph.
1141 1905 1180 1957 4.
1195 1905 1262 1955 ²4·

6 1956 152 2002 coloss.
169 1959 207 2002 3.
229 1978 292 2004 10.
310 1971 346 2005 et
371 1981 406 2007 ι.
419 1963 588 2008 Thessal.
607 1967 646 2008 5.
662 1967 702 2009 8.

60 2016 142 2063 Sed
167 2024 286 2076 ipsum
319 2025 522 2070 Dominum
542 2024 678 2070 Jesum
709 2027 897 2071 Christum
912 2061 924 2081 ‚
953 2045 1155 2085 omnesque
1184 2032 1263 2082 ejus

4 2083 156 2124 virtutes
172 2085 211 2126 in
226 2089 351 2128 animo
371 2096 496 2130 vestro
513 2092 564 2131 sic
582 2093 779 2145 imprimite
791 2122 803 2141 ‚
826 2106 983 2145 eumque
1001 2094 1053 2133 sic
1071 2091 1264 2134 imitamini

2 2145 168 2186 moribus
189 2151 319 2190 vestris
333 2179 346 2201 ,
365 2158 404 2191 ut
422 2152 520 2192 solus
533 2154 572 2193 in
586 2154 692 2194 vobis
714 2154 881 2196 videatur
897 2150 1094 2203 Christus;
1111 2157 1204 2197 sicut
1225 2157 1264 2195 in

4 2206 158 2249 homine
180 2212 314 2253 vestito
330 2243 342 2261 ‚
359 2214 434 2256 sola
452 2217 563 2256 vestis
578 2223 739 2270 apparet.

57 2270 133 2314 Seu
150 2270 288 2315 Christi
307 2275 460 2331 Spiritus
478 2286 514 2321 et
528 2282 640 2333 gratia
659 2295 728 2323 vos
748 2283 844 2323 intus
863 2285 913 2324 ita
934 2281 1097 2334 repleat,
1118 2289 1159 2324 ut
1181 2284 1259 2334 ejus
