1410 2554
156 62 184 104 3
505 58 733 107 ῑΡιετοιΒ
754 75 817 104 An»
830 74 1044 107 >nouimus

321 258 538 304 CAPUT
567 255 868 305 DECIMUM
897 257 1206 306 TERTIAM.

634 383 903 436 Pamph-osis.

146 478 179 508 ι.
205 472 285 560 O

165 558 170 560 .
292 534 395 562 mus
417 517 560 562 anima
590 517 866 573 potestatibus
885 516 1203 564 sublimioribus
1222 517 1393 566 subdita

142 587 216 633 sit:
232 588 334 634 Non
350 598 412 633 est
427 587 538 632 enim
554 597 738 643 potestas
753 586 835 632 nisi
850 590 874 632 ὲ
887 588 972 632 Deo
990 606 1001 630 :
1017 605 1109 643 quae
1121 597 1262 632 autem
1274 597 1390 644 sunt,

142 662 166 706 {2
188 662 278 705 Deo
302 658 504 705 ordinatae
524 667 636 704 sunt.

196 789 234 816 2.
256 771 402 827 ltaque
421 767 494 826 qui
516 767 669 813 resistit
694 767 916 824 potestati,
936 767 1023 813 Dei
1041 767 1300 814 ordinationi
1320 785 1396 815 re·-

141 840 258 886 sistit.
278 839 371 900 Qui
395 849 535 884 autem
554 838 777 892 resistunt,
796 837 878 894 ipsi
896 838 975 883 sibi
996 838 1314 889 damnationem
1326 854 1394 884 ac·

142 909 330 967 quirunt.

200 985 238 1026 3.
260 981 373 1025 Nam
393 979 604 1036 principes
622 995 710 1024 non
726 988 823 1024 sunt
840 977 986 1022 timori
1009 977 1109 1022 boni
1133 978 1301 1034 operis,
1318 978 1396 1026 sed

144 1050 260 1095 mali.
287 1050 361 1094 Vis
379 1059 521 1094 autem
543 1066 630 1094 non
648 1046 796 1093 timere
813 1047 1089 1104 potestatem?
1108 1047 1284 1094 Bonum
1299 1048 1366 1095 fac
1380 1066 1393 1092 z

145 1132 186 1167 et
206 1121 378 1167 habebis
395 1120 565 1166 taudem
589 1137 636 1165 ex
652 1119 752 1164 itta:

200 1305 238 1353 4.
262 1298 341 1342 Dei
367 1298 478 1341 enim
507 1297 697 1341 minister
715 1306 778 1341 est
806 1295 880 1339 tibi
912 1295 954 1340 in
986 1296 1162 1341 bonum.
1183 1296 1229 1342 Si
1255 1306 1398 1343 autem

145 1367 305 1412 malum
328 1365 503 1419 seceris,
529 1366 629 1410 time
655 1385 665 1407 ι
692 1383 775 1409 non
805 1364 916 1409 enim
944 1365 1035 1411 sine
1061 1381 1187 1410 causa
1207 1366 1396 1424 gladium

145 1447 299 1494 portat.
321 1436 397 1481 Dei
430 1436 541 1481 enini
560 1435 751 1480 minister
772 1445 834 1480 est
852 1434 1026 1480 :vindex
1046 1434 1089 1479 in
1105 1435 1212 1480 iram
1233 1434 1297 1487 ei,
1324 1433 1399 1491 qui

146 1509 307 1554 malum
326 1508 421 1566 agit.

204 1681 241 1720 5.
262 1678 360 1721 ideo
380 1675 623 1720 necessitate
643 1674 798 1719 subditi
815 1683 968 1726 estote,
994 1692 1082 1720 non
1098 1675 1236 1720 solum
1260 1692 1401 1732 prop-

149 1756 212 1790 ter
237 1744 364 1800 iram,
386 1746 458 1790 sed
487 1744 613 1788 etiam
646 1753 818 1800 propter
834 1743 1151 1789 conscientiam.

167 1890 171 1893 ”
204 1891 243 1933 6.
263 1888 367 1932 lctco
387 1888 556 1931 enimet
577 1886 727 1931 tributa
742 1885 939 1941 praestatis
960 1884 1168 1930 :ministri
1189 1885 1306 1931 enim
1320 1886 1397 1931 Dei

150 1970 273 2014 sunt,
298 1959 339 2003 in
360 1958 439 2003 huc
458 1958 596 2014 ipstnn
612 1956 853 2002 servientes.

210 2164 245 2200 7.
263 2143 445 2187 Reddite.
464 2159 560 2199 ergo
583 2142 777 2185 omnibus
796 2140 935 2185 debita
957 2159 966 2181 ε
988 2139 1053 2194 qui
1076 2138 1306 2193 tributum,
1329 2138 1402 2183 tri-

152 2215 299 2259 butum
333 2235 342 2256 :
365 2214 429 2259 cni
465 2214 665 2271 vectigal,
695 2211 867 2269 wectigal
901 2230 911 2252 ε
938 2210 1004 2256 cni
1028 2209 1251 2267 timorem,
1272 2208 1403 2255 timo-

152 2301 262 2329 rem:
285 2284 350 2328 cni
371 2283 603 2339 honorem,
630 2281 847 2327 honorem.
