1410 2554
297 48 476 94 Tnmnux
502 45 732 79 exrosmo.
760 33 858 90 Cap.
883 35 1004 79 XVI.
1147 94 1157 99 q
1196 38 1280 90 401

67 109 227 216 Sbalutate
256 105 445 164 Apellen,
475 107 598 149 multis
614 120 681 161 pro
706 103 856 149 cluisto
873 106 1034 151 toleratis
1056 109 1286 163 passionibus

12 187 80 228 pro
109 180 222 215 atum.

64 259 225 303 Salutate
243 272 308 301 eos
326 260 388 312 qui
409 264 492 299 sunt
509 271 558 299 ex
582 254 787 299 Aristoboli
803 256 950 298 familia.
966 254 1124 298 Salutate
1145 256 1285 300 Hero-

11 325 166 366 dionem
188 329 386 376 cognatum
414 335 565 370 meum;
597 321 747 362 salutate
769 317 1000 362 Christianos
1020 318 1184 362 Narcissi
1206 321 1284 363 do·-

15 387 203 428 mesticos.

66 475 227 539 Salutate
244 490 509 549 Tryphaenam
525 499 562 534 et
583 490 820 546 Tryphosam
835 521 847 543 ‚
868 506 950 545 quae
966 507 1033 534 suo
1050 494 1165 535 modo
1188 508 1285 549 pro-

11 562 170 602 motioni
193 556 384 610 Evangelii
404 556 637 597 collaborant.
666 553 827 596 Salutate
856 550 1059 598 Persidem
1078 556 1169 598 mihi
1186 555 1282 599 cha-

10 624 220 674 rissimam,
245 634 329 675 quae
343 618 495 660 multum
516 631 584 672 pro
602 615 767 659 Domino
782 618 976 662 laboravit.

76 729 235 771 Salutate
245 726 387 768 Rufum
401 758 412 779 ‚
427 729 562 781 pietate
577 724 785 768 Christiana
806 729 1002 781 eximium,
1017 727 1182 783 illiusque
1194 741 1283 770 ma·

0 801 112 845 *trem
125 824 136 844 ‚
155 806 265 846 quam
287 798 324 832 ut
342 805 465 832 meam
484 804 642 832 veneror
659 797 695 831 et
713 790 838 843 diligo.

69 894 228 940 Salutate
250 892 514 949 Asyncritum‚
533 891 805 947 phlegontem,
828 892 1011 935 Hermam
1027 923 1039 946 ‚
1059 892 1283 950 Patrobam,

14 961 200 1006 Hermem
215 991 226 1011 ‚
254 966 290 1001 et
311 966 464 1000 caeteros
483 958 629 1010 fratres,
647 961 708 1012 qui
728 973 811 999 cum
833 960 886 999 eis
899 965 983 998 sunt
998 959 1200 1010 conjuncti.

66 1065 225 1108 Salutate
243 1061 498 1115 Philologum,
516 1069 553 1103 et
567 1060 715 1112 Juliam,
739 1061 919 1113 Nereum‚
941 1070 978 1103 et
995 1077 1160 1105 sororem
1176 1067 1278 1117 ejus;

12 1139 51 1174 et
66 1129 270 1184 Olympam
284 1156 295 1177 ,
316 1132 352 1167 et
374 1139 503 1165 omnes
521 1123 748 1166 Christianos
761 1155 771 1175 ‚
793 1128 853 1178 qui
880 1133 963 1167 sunt
984 1141 1067 1167 cum
1084 1129 1158 1179 eis,
1178 1134 1216 1169 et
1241 1130 1282 1171 in

8 1195 153 1239 illorum
170 1193 300 1231 vivunt
314 1188 570 1230 contubernio.

69 1305 226 1348 Salutate
242 1314 311 1341 vos
338 1311 467 1339 omnes
493 1299 651 1338 invicem
673 1296 798 1338 osculo
817 1303 966 1349 sancto,
988 1304 1025 1338 et
1046 1299 1147 1353 quod
1163 1301 1282 1342 saneti

11 1373 59 1413 sit
72 1372 216 1422 signum
233 1366 379 1405 amoris.

63 1454 226 1496 Salutant
244 1463 312 1490 vos
330 1461 460 1488 omnes
479 1444 615 1487 Christi
633 1444 808 1487 Ecclesiae
825 1476 835 1496 ‚
856 1460 1007 1499 quarum
1029 1449 1067 1488 in
1095 1463 1163 1490 vos
1188 1453 1281 1494 novi

9 1516 311 1571 propensionem.

67 1598 156 1640 Hoc
177 1604 298 1637 autem
315 1608 382 1635 vos
399 1607 488 1645 rogo
504 1622 514 1641 ‚
533 1591 685 1642 fratres,
705 1599 744 1632 ut
767 1594 971 1633 observetis
1000 1608 1064 1635 eos
1079 1626 1090 1645 ,
1116 1598 1176 1648 qui
1194 1596 1279 1637 dis-

12 1664 205 1704 sensiones
220 1666 256 1699 et
276 1655 441 1698 scandala
462 1657 617 1706 gignunt
634 1656 728 1693 inter
746 1666 815 1694 vos
828 1684 840 1704 ,
870 1655 975 1695 salsas
995 1658 1191 1709 opiniones
1208 1658 1281 1699 do-

9 1732 137 1766 centes
150 1740 159 1770 ;
174 1727 299 1762 contra
313 1719 516 1759 doctrinam
531 1718 638 1756 vobis
656 1716 839 1765 traditam,
858 1723 893 1756 et
908 1720 929 1756 a
947 1718 1053 1759 vobis
1070 1726 1276 1774 acceptam;

10 1785 104 1837 hos,
124 1788 295 1838 inquam,
317 1782 511 1822 observate
525 1809 535 1828 ‚
554 1786 594 1820 ut
612 1780 658 1819 ab
675 1782 728 1820 eis
746 1779 901 1832 fugiatis.

67 1871 247 1925 cognitos
279 1882 364 1920 ergo
395 1865 531 1918 sugitez
561 1866 699 1906 etenim
733 1866 790 1904 isti
823 1862 971 1905 Christo
1003 1862 1178 1908 Domino
1200 1883 1278 1911 non

5 1941 204 1987 serviunt,
238 1948 308 1975 nec
331 1935 408 1985 ejus
435 1929 629 1983 Evangelii
654 1929 858 1984 profectum
887 1938 1077 1983 quaerunt;
1110 1933 1176 1973 sed
1202 1937 1278 1976 suis

7 2005 166 2060 propriis
187 2000 335 2041 student
353 1996 573 2046 commodis,
592 2009 732 2048 suoque
746 1997 878 2045 ventri,
898 1996 970 2035 deo
988 2010 1066 2047 suo,
1085 2000 1277 2048 serviunt;

9 2070 103 2110 dum
123 2069 251 2108 verbis
267 2065 460 2115 suavibus,
481 2062 644 2111 blandis,
666 2068 702 2102 et
731 2061 936 2102 adulatoriis
959 2063 1139 2104 seducunt
1168 2065 1280 2107 corda

9 2131 231 2184 simplicium
247 2161 257 2179 ,
277 2135 311 2169 et
332 2128 401 2167 sibi
428 2139 503 2166 non
523 2126 804 2179 praecaventium
825 2139 833 2163 :
853 2125 936 2165 ideo
966 2127 1012 2166 ab
1033 2126 1102 2166 illis
1122 2135 1278 2181 cavete,

8 2207 149 2248 eosque
167 2196 292 2235 vitate.

68 2286 229 2331 Aliunde
245 2292 366 2330 vestra
382 2298 447 2341 per
463 2282 577 2324 fidem
595 2280 743 2323 Christo
759 2282 969 2323 obedientia
984 2283 1031 2324 ad
1046 2298 1178 2326 omnes
1193 2296 1282 2342 per-j

179 2359 195 2386 ι
204 2373 214 2385 .
1063 2356 1080 2381 1
1090 2354 1128 2394 7.
