1410 2554
317 16 496 55 tumui:
519 14 767 49 >neoni-rio.¹
784 3 881 57 Gap.
909 3 946 46 1.
1223 2 1278 45 25

15 77 318 136 pbilosophorum
335 75 625 130 ingratitudinis,
648 73 752 119 Deus
770 76 857 117 sivit
877 74 958 115 illos
973 75 1126 128 turpiter
1142 73 1276 116 delabi.

30 162 58 191 σε
69 131 160 192 {Fila
169 145 292 181 autem
306 144 479 179 notantur
492 136 770 179 derelictionum
781 150 916 190 genera
931 151 941 175 ι
958 138 1132 190 primurn,
1152 138 1190 177 in
1207 136 1278 177 de-

15 205 147 250 sideria
159 195 278 245 cordis
288 218 297 249 ς
312 201 530 251 secundum,
545 204 584 242 in
595 203 784 256 passiones
795 200 984 255 pudendas
999 207 1036 241 et
1049 202 1276 254 ignominiae,

17 267 150 320 quIbus
168 263 368 305 naturalem
396 262 595 317 voluptatis
619 276 745 311 usum,
770 263 807 310 in
830 260 1008 305 nefarium
1023 263 1277 311 inverterunt;

15 333 163 374 tertium
179 356 190 375 ‚
222 331 260 370 in
278 328 479 381 reprobum
499 340 672 376 sensum,
695 328 734 367 in
753 339 906 366 sensum
927 326 1188 379 depravatum,
1213 341 1281 368 seu

17 394 152 434 mentis
175 390 508 438 inordinationem5
533 401 617 441 quae
634 386 771 428 malum
797 387 938 428 bonurn
954 385 1112 438 judicat,
1134 394 1171 428 et
1200 387 1282 429 bo-

16 470 107 498 num
124 454 256 496 malum
270 483 281 503 ‚
317 465 472 506 quaeque
491 450 758 493 beatitudinem
778 452 816 492 in
836 450 1060 506 turpitudine
1079 457 1117 492 et
1133 450 1282 493 infami&

17 512 183 557 collocat.

76 587 128 622 1⁰.
147 577 275 634 Itaque
292 607 303 628 ‚
326 579 408 632 quia
421 573 568 627 Deum,
587 590 698 631 quem
713 583 895 618 noverant
915 591 963 619 ex
981 579 1152 619 creaturis
1166 607 1178 623 .
1206 593 1281 619 non
1342 576 1346 579 ”

14 642 337 696 glonficuverunt,
359 638 427 681 sed
455 638 639 682 honorem
655 642 726 694 ipsi
747 640 915 683 debitum
935 642 974 682 in
996 648 1176 683 creaturas
1208 642 1283 682 de-

17 705 203 748 flexerunt
219 733 232 756 ‚

60 768 221 822 Propter
227 770 329 822 quod
339 769 495 810 tradidit
506 767 590 808 illos
605 768 704 809 Deus
717 767 757 808 in
768 768 951 808 desideria
965 768 1101 809 cordis.
1110 766 1200 810 Non
1212 771 1283 811 irn-

15 835 200 888 pellendo,
214 835 284 876 sed
297 834 501 876 deserendo
517 834 595 875 illos
613 836 776 888 propriae
793 837 1100 888 concupiscentia·
1113 840 1283 889 tyranni-

19 898 70 947 di,
85 897 296 937 daernonum
314 898 575 938 tentationibus
587 926 597 945 ,
613 903 650 936 et
666 896 846 936 illecebris
862 900 1000 949 pcccati
1020 898 1191 941 :aliunde
1205 900 1284 940 illos

18 962 163 1016 speciali
190 964 317 1013 gratiae
343 961 477 1003 auxilio
507 974 584 1000 non
599 961 816 1011 retinendo,
836 975 908 1003 nec
943 964 1154 1005 roborando
1171 995 1184 1016 ‚
1211 980 1283 1006 nec

18 1025 270 1066 illuminanda
292 1022 393 1064 Hinc.
413 1026 449 1064 in
475 1026 598 1066 omnia
618 1023 757 1064 scelera
775 1027 894 1078 proni.

71 1085 177 1128 Justa
196 1088 335 1139 punitio
358 1102 367 1125 ε
387 1084 511 1127 Deum
529 1086 767 1133 deseruerunt
784 1101 794 1133 ς
814 1084 918 1128 Deus
937 1101 1003 1129 eos
1025 1087 1207 1141 deseruit,
1223 1092 1283 1132 si-

17 1152 72 1192 vit
85 1165 150 1193 eos
167 1146 285 1191 secere
305 1150 406 1203 quod
427 1150 593 1200 luberet,
613 1153 725 1191 etiam
743 1153 904 1192 maxime
930 1151 1027 1194 soeda
1047 1183 1058 1200 ,
1089 1160 1126 1194 et
1149 1156 1287 1209 quibus

16 1217 235 1268 semetipsos
254 1213 556 1263 dehonestarent,
580 1217 640 1266 qui
659 1212 779 1255 Deum
793 1229 869 1256 non
896 1214 1135 1259 lionordrunt.

42 1300 54 1334 ‘.
71 1277 256 1327 Deus‚ait
274 1277 536 1321 Theodoretus
554 1308 567 1327 ,
599 1278 679 1319 illos
696 1278 761 1320 sud
781 1281 1014 1333 providenti&
1032 1285 1188 1337 privarit
1216 1315 1228 1334 ‚
1243 1293 1288 1326 et

16 1347 188 1394 tanquam
234 1341 411 1394 cymbam
447 1342 527 1380 sine
554 1339 702 1381 saburra
740 1340 812 1382 serr
855 1345 1042 1396 permisit,
1071 1343 1284 1387 detrectans

15 1411 85 1445 'eos
109 1406 327 1457 gubernare·

7 1455 23 1478 '
105 1462 160 1514 Υ.
193 1464 259 1506 25.
288 1465 368 1518 Qui
397 1473 718 1509 commutaverunt
747 1469 947 1510 veritatem
974 1500 1090 1512 .....
1123 1478 1180 1515 2⁰.
1197 1475 1289 1526 quia-

14 1534 333 1566 commutaverunt
351 1542 482 1568 verum
502 1526 625 1570 Deum
647 1544 716 1581 pro
745 1530 867 1581 sats-is,
893 1546 957 1573 seu
989 1536 1072 1586 quia
1096 1547 1166 1587 pro
1195 1534 1280 1577 Deo

14 1603 104 1630 vero
125 1598 358 1643 sumpserunt
385 1593 631 1643 imaginarios,
657 1594 788 1647 quibus
810 1594 992 1637 honorem
1006 1598 1074 1638 soli
1090 1597 1171 1639 Deo
1190 1613 1281 1641 vero

18 1657 54 1691 et
70 1651 216 1704 semper
238 1653 421 1694 laudando
435 1653 603 1695 debitum
618 1657 833 1699 tribuerunt.

71 1713 128 1766 y.
152 1715 216 1756 26.
239 1714 440 1767 Propterea
455 1718 612 1758 tradidit
630 1720 715 1758 illos
731 1750 742 1760 .
758 1751 765 1760 .
782 1749 794 1761 .
807 1751 819 1762 .
836 1718 1043 1776 Propterea
1056 1724 1202 1767 tradidit
1213 1741 1277 1768 eos

11 1773 269 1827 cupiditatibus
287 1775 512 1827 infamibus;
535 1793 612 1820 non
631 1783 796 1822 contenti
819 1782 1067 1836 voluptatibus
1095 1789 1277 1829 naturali-

12 1839 106 1887 bus,
127 1842 340 1880 naturalem
367 1842 573 1894 cupiditatis
601 1859 709 1884 osum
729 1854 1012 1887 commutarunt
1029 1850 1066 1889 in
1085 1849 1279 1894 nefarium.

12 1899 124 1951 Haec,
145 1904 235 1943 irato
252 1902 336 1945 Deo
356 1913 506 1959 propter
527 1907 778 1958 idololatriam,
801 1910 964 1954 humano
983 1918 1110 1967 generi
1137 1931 1279 1970 prove-

10 1966 111 2005 nisse
146 1971 323 2017 testatur,
348 1970 397 2009 ait
422 1967 678 2021 Ambrosius,
709 1986 774 2013 seu
808 1972 1097 2020 Ambrosiaster.
1129 1976 1278 2023 Justam

10 2027 142 2068 erroris
164 2034 202 2066 et
222 2029 419 2080 impietatis
443 2033 662 2075 mercedem
683 2036 695 2076 l
714 2050 856 2079 merces
875 2053 941 2092 par
968 2055 1108 2095 operae.

63 2087 117 2140 ff.
137 2104 202 2143 ²7·
221 2091 407 2133 Similiter
436 2103 565 2137 autem
597 2101 780 2142 masculi.
793 2131 825 2144 ..
841 2133 850 2143 .
866 2133 896 2145 ..
925 2112 964 2145 ut
994 2109 1055 2159 qui
1095 2110 1134 2150 in
1152 2107 1275 2154 Deum

2 2150 149 2193 fuerunt
189 2156 448 2198 contumeliosi
466 2188 477 2208 ‚
506 2163 729 2215 semetipsos
768 2165 838 2208 istd
862 2165 1020 2209 nefanda
1054 2176 1275 2217 contumelia

3 2214 204 2260 afficerent.
221 2218 323 2263 Nota
347 2225 630 2278 turpitudinem.
646 2226 731 2270 Hfic
751 2244 848 2272 voce
865 2234 999 2284 innuit,
1029 2240 1131 2291 quod
1160 2240 1274 2283 natu4

4 2288 82 2320 ram
101 2280 218 2333 ipsam
234 2282 487 2335 pudefecerint
500 2316 512 2337 ‚
546 2290 596 2330 ait
617 2286 939 2348 Theophylactus.
959 2292 966 2303 ‘

198 2349 228 2377 1.
1023 2370 1045 2395 2
