1410 2554
107 32 198 76 anfi
462 46 672 78 nis-rom
688 45 763 78 an*
782 49 997 80 mutum
1040 56 1047 59 ·
1079 48 1086 52 “

1178 164 1365 172 -ιι-

482 223 782 264 Commentarius
798 225 837 264 in
859 224 951 277 Cap.
970 241 1010 281 9.

108 348 154 395 fi.
183 306 324 395 nvn
332 367 519 407 mmmm
535 356 659 397 dico...
679 371 790 410 grave
805 365 842 398 et
862 359 998 412 grande
1016 361 1143 411 capitis
1160 359 1366 404 exordium.

106 412 157 452 In
180 413 328 454 Christo
340 445 352 464 ,
371 415 407 455 id
424 412 502 466 est}
519 418 587 458 sub
607 414 773 468 Christo,
799 419 860 459 vel
875 426 968 462 teste
985 418 1151 468 Christm
1177 425 1275 476 quasi
1294 423 1363 464 di·

108 481 206 516 neret
220 491 229 514 :
244 472 383 516 Testor
393 473 596 528 Christum,
612 482 803 521 veritatem
814 482 1253 534 ipsam,quodveritatem
1270 484 1370 526 dieo.

112 535 281 579 Omnem
301 536 378 579 falsi
394 543 642 592 suspicionem
656 545 676 582 ὲ
690 556 730 583 se
740 551 913 592 amovet,
933 546 1043 584 etiam
1064 536 1286 596 juramento.

163 600 256 641 Non
281 604 455 651 mentior,
481 603 517 643 id
533 610 610 653 est,
630 607 772 645 sincere
803 605 950 658 loquor,
982 611 1019 647 et
1042 609 1166 646 animo
1189 606 1345 661 simplici
1352 636 1371 657 0

108 678 187 706 non
209 665 407 706 adulatorio
422 697 433 716 ,
454 668 665 708 urbanitatis
676 668 794 719 *gratis
807 699 818 718 ,
837 677 896 710 aut
917 672 1017 723 quasi
1036 669 1248 722 placiturus.
1274 669 1372 711 Tes-

106 732 306 771 timonium
325 734 688 786 mfht'permbenre...
701 731 768 774 Gr.
788 742 1014 789 contestante
1034 734 1139 788 milli,
1155 743 1225 778 etc.
1242 734 1288 777 Ῑᾶ
1297 743 1375 786 est,

109 795 211 834 testis
234 801 289 834 est
300 793 391 835 mihi
405 797 627 836 conscientia
647 809 743 835 mea.

164 855 214 896 In
228 857 370 909 Spirtm
400 866 531 898 sancto
544 887 556 906 ‚
577 859 615 898 id
636 866 711 907 est,
736 861 812 900 imo
832 860 934 900 testis
953 866 1007 900 est
1026 865 1067 900 et‘
1080 857 1238 914 Spiritus
1259 869 1374 902 sanc-

111 923 169 958 tus
182 946 193 963 ,
210 929 307 957 meze
322 920 558 959 conscientiae
576 921 762 971 inspector
779 925 815 960 et
829 926 960 960 rector.

167 979 314 1021 Omnes
349 981 409 1021 hle
436 984 680 1032 juramentum
708 989 907 1035 agnoscunt
930 984 967 1022 in
997 995 1037 1022 re
1064 983 1165 1034 gravi
1188 988 1227 1022 et
1248 982 1372 1034 magni

111 1044 305 1084 momenti.
325 1041 600 1084 Undeint‘erunt
621 1045 720 1097 quod
738 1047 774 1084 in
793 1047 1011 1084 necessitate
1034 1044 1172 1084 licitum
1189 1045 1235 1083 sit
1254 1058 1263 1082 :
1295 1057 1373 1084 ve-

111 1108 196 1150 ritas
211 1113 333 1146 autem
356 1112 391 1146 et
415 1105 568 1146 charitas
589 1106 727 1146 debent
746 1106 838 1146 illius
858 1119 941 1146 esse
954 1106 1099 1158 regulae.
1334 1105 1340 1109 ’

165 1162 212 1209 1⁵.
237 1184 274 1209 2.
298 1168 490 1220 Quoniam
517 1169 671 1208 tristitia
702 1169 802 1209 mihi
824 1185 965 1221 magna
992 1177 1087 1210 cst...
1109 1165 1209 1209 Ecce
1232 1167 1279 1209 de
1299 1180 1373 1221 quo

109 1233 226 1281 iurat,
243 1231 416 1270 nimirum
448 1230 548 1283 quod
575 1234 718 1271 summe
750 1236 786 1270 et
803 1233 973 1271 continue
1001 1230 1132 1270 doleat.
1158 1227 1303 1270 Doloris
1317 1231 1374 1270 sui

114 1305 262 1332 causam
287 1291 348 1331 hic
369 1306 444 1331 non
465 1295 656 1346 exprimit,
683 1292 751 1334 sed
773 1294 895 1341 uerbis
928 1294 1163 1346 sequentibus
1199 1292 1376 1346 implicite

112 1355 309 1409 significat,
328 1355 463 1396 scilicet
479 1356 736 1398 alienationem
753 1370 830 1398 suae
845 1358 963 1410 gentis
978 1360 999 1396 a
1018 1353 1188 1397 Christo:
1210 1355 1310 1410 quod
1335 1361 1374 1396 et

114 1434 162 1463 ex
180 1421 335 1475 praeced.
349 1434 426 1473 cap.
442 1420 481 1461 8.
500 1421 721 1474 subintelligi
736 1427 868 1474 potest.
883 1419 979 1461 Vide
992 1419 1180 1472 analysim.

169 1482 369 1538 Apostolus
403 1497 490 1536 ergo
521 1483 620 1524 dolet
648 1498 792 1524 summo
806 1515 815 1530 ,
851 1485 1027 1525 continuo
1062 1487 1099 1523 et
1140 1482 1375 1522 excruciante

116 1548 264 1600 dolore,
285 1563 333 1589 ex
351 1563 396 1590 eo
413 1549 512 1601 quod
530 1549 692 1603 plerique
709 1546 829 1589 Judaei
843 1578 855 1598 ,
877 1545 1063 1588 Christum
1084 1547 1312 1597 rejicientes,
1338 1551 1377 1586 et

115 1615 154 1652 in
169 1612 327 1665 lapidem
345 1613 551 1666 angularem
572 1614 821 1665 impingentes
837 1643 847 1661 ,
874 1613 1074 1652 amiserunt
1091 1609 1204 1649 fidem
1228 1616 1264 1649 et
1293 1622 1375 1660 gra·

114 1676 225 1719 tiam;
252 1680 407 1726 suntque
436 1680 537 1714 extra
554 1680 685 1714 statum
703 1687 804 1713 verae
823 1674 969 1723 iustitiae
986 1701 998 1721 ,
1026 1671 1073 1711 <le
1092 1684 1162 1723 qua
1183 1671 1221 1710 in
1235 1682 1314 1722 cap.
1332 1667 1373 1708 8.

118 1742 154 1775 et
175 1743 443 1788 consequenter
466 1743 567 1775 extra
585 1741 719 1775 statum
743 1735 866 1776 salutis
889 1741 1048 1775 aeternae.
1376 1774 1383 1778 ,

173 1798 228 1850 fi.
250 1798 287 1839 3.
309 1799 500 1852 Optabam
516 1800 716 1840 enim.....
738 1797 821 1852 Syr.
838 1796 1197 1852 optzirim.AEtl1iop.
1225 1796 1369 1836 versio.

118 1875 286 1917 precarer
308 1863 408 1902 enim
426 1875 494 1914 ego
514 1862 612 1915 quod
630 1862 805 1901 abductus
825 1876 945 1901 essem
961 1875 982 1901 a
1002 1858 1163 1901 Christo.
1181 1857 1228 1899 D.
1245 1855 1376 1910 Chry-

119 1932 207 1966 sost.
226 1926 382 1979 optarim
400 1941 409 1965 t
437 1940 507 1966 nec
523 1926 733 1978 simpliciter
754 1925 847 1966 dixit
867 1923 1068 1979 Apostolus
1086 1923 1219 1971 velim,
1243 1921 1310 1962 sed
1338 1919 1378 1960 id

120 1988 329 2036 intendens,
344 1991 392 2028 ait
412 1989 579 2041 optzirim.
595 1986 812 2041 Theophyl.
830 1988 999 2042 optzirim.
1018 1984 1130 2027 Juxta
1142 1997 1233 2037 quos
1246 1995 1376 2023 sensus

124 2057 203 2099 est,
228 2058 392 2103 optarem
413 2050 471 2090 vet
495 2049 671 2102 optarim,
688 2052 850 2102 utinam,
879 2051 1049 2090 nimirum
1067 2050 1097 2088 si
1125 2047 1204 2087 fieri
1224 2050 1375 2098 posset,

124 2112 183 2153 vel
201 2114 232 2152 si
252 2109 354 2152 Deus
373 2111 493 2151 vellet.

176 2173 291 2216 Juxta
321 2182 486 2215 nostrum
519 2175 779 2227 interpretem,
812 2174 1013 2226 optabam,
1037 2171 1073 2211 id
1103 2176 1182 2219 est,
1220 2171 1292 2221 jam
1315 2168 1377 2208 dtu

118 2246 250 2292 optare
277 2241 396 2290 coepi,
435 2240 558 2290 optavi
589 2244 625 2277 et
645 2245 748 2290 opto.
783 2234 972 2290 Optabam
996 2236 1109 2275 em'm.
1140 2231 1251 2274 Adeo
1277 2234 1378 2287 ipsos

125 2299 250 2353 diligo,
272 2297 412 2340 indicat
435 2301 573 2339 viscera
589 2328 599 2348 ,
631 2305 666 2338 et
698 2301 806 2351 quam
839 2297 1054 2338 vehementi
1086 2294 1258 2337 charitate
1292 2305 1376 2345 erg·
