1410 2554
144 66 225 117 312
495 63 719 109 *visrouss'
737 78 795 108 Al)
823 78 1032 111 nummos

144 146 182 181 et
197 137 353 180 Judaeos
368 144 406 179 et
422 135 590 179 Gentiles
606 138 735 179 doceat
752 151 830 178 non
856 139 1015 191 superbe
1033 138 1080 179 de
1096 152 1138 179 se
1156 139 1315 188 sentire,
1333 139 1403 180 sed

142 201 344 251 humiliari;
365 216 442 243 non
463 201 639 252 altercari,
658 199 726 241 sed
746 206 920 253 utrosque
935 199 984 255 ad
1003 200 1234 242 concordiam
1256 202 1399 252 venire,

142 267 302 305 scientes
315 271 353 305 et
372 266 556 311 convicti,
577 263 677 317 quod
698 276 775 304 non
791 277 839 303 ex
853 256 991 304 meritis
1005 294 1018 315 ,
1041 263 1110 303 sed
1121 277 1169 304 ex
1186 261 1260 305 Dei
1279 266 1401 306 mise-

140 326 296 368 n'cordia
311 329 384 367 sint
398 325 574 367 salvandi.

197 386 276 429 Sed
293 396 379 429 nota
397 387 497 441 quod
513 386 596 428 haec
613 387 743 428 eadem
759 389 944 430 convictio
965 388 1161 442 unicuique
1177 387 1278 429 fideli
1297 389 1343 432 sit
1353 389 1402 430 ad

141 450 296 492 salulem
313 453 528 492 necessaria.

195 509 357 552 Peccavi
374 520 384 544 τ
401 510 521 552 reatus
543 513 616 552 mei
633 514 865 554 convictione
880 524 961 552 sum
974 511 1188 551 constrictus
1198 538 1210 561 ‚
1225 510 1293 551 sub
1305 524 1401 564 pec-

142 566 223 613 cato
241 576 342 626 quasi
362 574 430 614 sub
450 587 596 614 carcere
605 588 687 614 sum
698 574 881 623 inclusus;
898 575 1050 626 peccavi
1063 574 1182 613 sciens
1199 579 1236 613 et
1252 568 1395 625 volens,

141 635 419 673 excusationem
433 647 511 672 non
532 632 668 675 habeo.

195 692 303 748 Egeo
322 698 441 749 itaque
465 694 578 747 gratia
599 693 695 744 Dei;
727 697 808 736 sine
831 697 943 748 gratia
970 697 1008 736 in
1035 701 1213 736 aeternum
1239 694 1399 735 manebo

139 755 208 801 sub
227 758 367 808 peccati
390 762 530 796 catena.

194 816 300 858 Salus
327 830 415 870 ergo
434 831 518 858 mea
539 831 631 870 opus
655 823 712 858 est
740 816 999 858 misericordiae
1028 815 1126 868 Dei,
1150 830 1228 857 non
1247 817 1396 867 justiliae

138 897 244 925 meae.
263 880 307 924 O
328 880 429 923 Deus
446 884 548 924 bone
560 913 572 934 ‚
593 881 698 924 Deus
713 885 941 933 misericors,
961 883 1016 923 sac
1030 892 1173 923 mecum
1191 882 1395 923 secundum

137 943 424 990 misericordiam
450 954 570 988 tuam:
591 954 627 988 et
657 947 954 1000 quandoquidem
976 950 1140 989 misereri
1163 955 1236 988 luae
1256 946 1395 988 deliciae

137 1019 222 1052 sunt
237 1042 247 1061 ‚
266 1012 426 1066 ideoque
444 1020 634 1065 peccatum
657 1018 693 1052 et
724 1011 974 1053 idfidelitatem
993 1015 1124 1066 pateris
1145 1014 1183 1052 in
1204 1011 1391 1062 omnibus,

136 1081 177 1116 ut
195 1077 358 1115 omnium
383 1077 587 1116 miserearis
604 1106 614 1125 ‚
634 1082 743 1128 atque
758 1076 875 1116 nullus
902 1077 971 1115 nisi
1001 1089 1065 1127 per
1104 1082 1202 1114 tuam
1242 1075 1394 1114 miseri·-

137 1129 303 1178 c‘ordiam
323 1137 504 1186 salvetur‚·
523 1140 695 1178 miserere
714 1137 788 1178 mei
804 1139 1004 1191 peccatoris
1024 1143 1059 1177 et
1073 1136 1229 1177 infidelis
1243 1151 1252 1184 ;
1267 1135 1336 1176 sed
1356 1136 1393 1177 in

137 1207 198 1243 tua
217 1203 465 1244 misericordia
479 1203 657 1256 sperantis
675 1232 686 1254 ,
703 1205 724 1242 ὲ
743 1209 778 1243 te
792 1204 901 1243 unico
918 1201 1091 1243 auxilium
1111 1202 1322 1255 quaeremis.
1392 1199 1394 1202 ’

246 1333 404 1363 ALTERA
421 1334 686 1364 onsmwxrio
703 1335 974 1364 DOCTniNAms
994 1335 1045 1363 ET
1064 1327 1256 1363 MORAns.

191 1449 395 1507 Postquam
416 1449 614 1505 Apostolus
632 1449 746 1491 attulit
772 1451 955 1499 rafiones,
978 1464 1065 1503 quas
1091 1451 1234 1503 potuit,
1256 1449 1392 1489 divinae

137 1513 441 1567 dispensationis,
473 1515 566 1553 circa
600 1509 818 1553 Judaeorum
847 1511 1089 1562 rejectionem
1118 1514 1137 1550 ὲ
1165 1512 1320 1561 justitia,
1355 1515 1392 1549 et

138 1571 340 1615 Gentilium
368 1575 606 1628 adoptionem
634 1581 670 1614 et
701 1574 896 1623 justitiam,
926 1574 963 1612 in
994 1572 1052 1612 his
1077 1574 1190 1614 tribus
1212 1574 1389 1626 capitibus

137 1653 176 1692 9.
200 1652 260 1678 10.
296 1653 311 1677 1
324 1652 358 1678 r.
377 1639 476 1691 quasi
498 1638 623 1677 omnia
643 1649 726 1690 quae
752 1635 846 1675 dixit
862 1635 956 1675 nihil
979 1638 1050 1675 sint
1070 1637 1107 1674 in
1119 1637 1390 1688 comparatione

137 1716 264 1743 eorum
282 1716 366 1756 qum
377 1704 496 1755 ipsum
511 1731 522 1750 ‚
539 1701 622 1742 licet
637 1701 809 1742 divinitus
826 1699 981 1740 electum
998 1729 1009 1751 ‚
1028 1700 1135 1740 latent
1151 1715 1162 1748 ;
1183 1700 1390 1740 exclamans

137 1765 284 1804 miratur
301 1780 309 1803 :
330 1765 364 1804 Ο
385 1764 544 1803 altitudo
565 1794 577 1814 ,
593 1770 663 1803 etc.

194 1823 343 1867 Utinam
360 1832 395 1867 et
415 1840 482 1867 nos
500 1825 682 1866 humililer
710 1831 745 1864 et
766 1823 938 1864 modesti:
954 1823 1011 1863 his
1035 1822 1082 1863 de
1101 1822 1209 1862 rebus
1227 1821 1391 1875 dispule-

137 1889 241 1930 mus!
262 1888 420 1929 revelata
437 1888 584 1942 quidem
605 1887 846 1937 disseramus,
866 1885 1080 1926 abscondita
1109 1887 1198 1924 vero
1215 1885 1387 1925 miremur

136 1959 174 1992 et
193 1952 402 1994 adoremus.

192 2010 325 2065 Neque
337 2014 436 2052 enim
459 2018 668 2066 promptum
694 2018 748 2052 est
762 2010 931 2064 cuiquam
954 2008 1025 2051 Dei
1045 2007 1172 2048 videre
1197 2011 1390 2059 mentem;

135 2080 196 2115 aut
211 2074 341 2127 quibus
355 2074 474 2114 modis
496 2074 677 2114 ordinavit
692 2087 749 2114 res
765 2087 845 2113 suas
858 2102 870 2120 ,
891 2071 1006 2113 homo
1021 2071 1152 2115 animal
1168 2084 1327 2119 caucum,
1353 2076 1392 2111 et

136 2138 215 2189 ipse
230 2150 270 2177 se
282 2139 450 2178 nesciens
463 2164 477 2186 .
499 2135 591 2177 ullro
606 2143 723 2190 polest
746 2136 944 2177 rationibus
961 2137 1154 2189 consequi:
1171 2133 1258 2187 quid
1274 2147 1391 2186 opor-

137 2204 209 2239 teat
234 2199 337 2250 lieri,
357 2198 528 2252 quando,
560 2198 618 2238 vel
646 2212 720 2251 quo
751 2212 908 2251 genere,
930 2200 1006 2250 ipse
1037 2204 1246 2239 cunctarum
1269 2209 1391 2237 rerum

136 2266 252 2314 paler,
266 2262 472 2303 moderator
484 2268 520 2303 et
539 2259 723 2303 Dominus
736 2264 802 2303 scit
815 2261 923 2303 solus.
939 2259 1082 2302 Arnob.
1101 2260 1162 2301 lib.
1185 2273 1202 2299 ι
1215 2273 1229 2299 ι
1239 2288 1248 2298 .
1262 2260 1388 2300 citatus

136 2325 157 2361 a
173 2320 318 2366 Grolio.
1076 2359 1080 2367 ·
1234 2354 1255 2373 c.
1277 2349 1334 2374 me.
1371 2341 1393 2372 ,Δ
