1410 2554
148 67 231 114 32⁸
511 63 725 119 tersromu
753 89 812 118 Αυ
830 82 1043 121 ‘nummos

505 305 802 369 Commentarius
810 312 850 350 in
867 310 960 363 Cap.
982 324 996 350 r
1006 328 1043 352 2.

146 452 193 500 Ῠ.
228 475 263 500 1.
293 411 537 502 Ossssscno
566 462 689 514 itaque
715 479 782 504 vos
797 494 809 512 ,
825 463 983 514 fratres.
1009 467 1164 519 Itaque,
1191 468 1274 506 cum
1297 472 1397 508 tanta

145 527 192 566 sit
210 528 247 566 in
261 540 331 566 vos
346 523 592 565 misericordia
617 523 703 567 Dei.
724 524 846 566 Gratis
864 529 999 581 quippe
1015 542 1083 568 vos
1099 529 1263 578 vocavit,
1287 532 1397 580 gratts

149 595 183 628 et
201 589 430 640 justificavit,
450 593 501 627 tot
522 586 598 626 aliis
618 590 639 627 ὲ
655 590 787 639 iustitia
809 589 961 641 repulsis
977 619 987 638 ,
1002 597 1039 630 ut
1055 591 1166 630 tribus
1182 590 1317 630 ultimis
1329 604 1398 631 c}-

147 653 282 704 pitibus
295 681 307 700 ,
327 665 452 699 nono,
477 650 644 698 decime,
664 651 861 692 undecimo
882 651 1019 692 dictum
1036 660 1104 693 est.

207 715 381 754 Obsecro.
395 710 461 753 Gr.
477 711 615 751 imitor
626 727 695 763 per
709 715 1013 754 misericordiam.
1033 713 1100 755 Gr,
1118 729 1182 768 per
1191 715 1399 759 miseratio-

146 790 228 818 nes,
255 773 344 815 Hoc
364 773 499 828 plurale
523 774 971 828 indicaflmagnitudinem
993 778 1250 818 misericordiae
1269 793 1278 816 :
1295 778 1396 832 quasi

148 840 308 880 diceret:
326 836 497 879 Obsecro
515 844 550 878 et
569 836 695 885 lwrtor
713 852 781 878 vos
797 853 862 892 per
881 839 964 880 haec
982 843 1120 881 viscera
1131 839 1394 881 misericordia

149 898 234 943 Dei
250 904 288 942 in
309 914 392 944 vos·
952 941 958 947 .

208 964 260 1003 Ut
287 963 511 1004 exhibeatis.
534 960 601 1004 Gr.
617 974 820 1014 παραςῑιςοιι
837 996 848 1016 .,
869 968 1010 1014 sistere,
1034 967 1070 1006 id
1088 974 1164 1017 est,
1185 970 1314 1019 sistite,
1333 970 1394 1019 of-

145 1026 238 1069 ferte
255 1042 264 1066 ε
282 1027 381 1079 quasi
408 1025 546 1066 diceret
566 1041 574 1064 :
594 1022 765 1066 Alienate
790 1030 811 1066 ὲ
828 1029 935 1067 vobis
952 1057 962 1077 ,
984 1034 1020 1067 ct
1042 1030 1078 1067 in
1097 1026 1169 1069 Dei
1190 1029 1396 1072 dominium

146 1088 348 1131 transferte.

202 1149 369 1206 Corpora
387 1156 526 1190 vestm.
542 1147 632 1189 Non
651 1151 817 1190 victimas
835 1157 994 1192 mortuas
1006 1181 1016 1201 ,
1037 1159 1072 1192 et
1092 1153 1205 1193 cultro
1223 1155 1400 1196 materitli

145 1214 320 1267 jugulatas
341 1228 351 1261 ;
377 1212 443 1252 sed
467 1211 643 1251 exhibete
661 1213 693 1252 ei
711 1225 862 1265 corpora
881 1220 1000 1254 vestra
1012 1239 1028 1264 ,-
1043 1213 1199 1254 hostiam
1226 1216 1400 1268 spirituali

145 1278 295 1331 quidem
335 1275 623 1317 mortificationis
650 1274 769 1326 gladio
806 1277 982 1326 occisam,
1013 1276 1080 1317 sed
1105 1279 1294 1319 viventem
1322 1279 1400 1320 fide

145 1341 232 1384 viva
243 1374 255 1394 ,
272 1355 339 1395 spe
354 1341 516 1387 firmam,
533 1337 704 1377 charitate
721 1340 927 1379 animatam.

200 1406 398 1445 Sanctam.
417 1400 471 1442 Ita
490 1407 527 1440 ut
544 1402 588 1440 sit
605 1407 751 1450 sancta,
772 1407 807 1440 et
824 1403 870 1441 ab
893 1403 994 1441 omni
1009 1409 1238 1454 peccatorum
1253 1403 1401 1445 manalis

147 1474 319 1521 purgata,
342 1464 501 1517 Deoque
524 1461 673 1516 placeat.

203 1529 445 1570 Rationabi'le
454 1525 667 1577 obsequium
679 1531 854 1564 vestrum.
870 1521 938 1564 Gr.
957 1525 1025 1564 τὴν
1043 1526 1182 1575 λογικήν
1197 1526 1402 1577 λατρείαν,

148 1590 185 1630 id
198 1596 275 1637 est,
296 1588 431 1630 cultum
451 1583 530 1627 Dei
547 1584 759 1625 rationalem
773 1614 784 1634 ,
804 1598 867 1624 seu
882 1587 1102 1638 spiritualem
1116 1619 1128 1638 ‚
1147 1602 1211 1628 seu
1229 1601 1306 1628 non
1319 1588 1405 1630 bru·

147 1661 200 1695 tas
225 1653 405 1707 pecudes,
423 1658 461 1691 ut
477 1650 587 1695 olim3
609 1648 674 1688 scd
690 1648 898 1689 rationalem
916 1652 1181 1702 etspiritualem
1199 1654 1399 1702 victimam.

146 1717 283 1757 scilieet
314 1716 506 1756 hominem
538 1715 656 1766 ipsum
669 1741 680 1762 ,
714 1726 778 1753 seu
813 1725 942 1764 corpus
970 1716 991 1753 ὸ
1024 1716 1149 1770 spiritu
1177 1715 1340 1756 rationali
1362 1722 1400 1756 et

147 1777 372 1817 sanctificato
386 1775 561 1815 oblatum.
1269 1786 1277 1792 ·

203 1837 333 1894 SyruS.
352 1835 556 1890 Acceptum
575 1834 660 1877 Deo
678 1850 743 1889 per
761 1839 1003 1878 ministerium
1023 1837 1211 1889 rationale,
1234 1851 1298 1878 seu
1317 1836 1401 1890 ph-

147 1909 295 1942 centem
313 1899 397 1942 Deo
412 1914 478 1954 per
489 1899 622 1940 cultum
635 1899 868 1950 spirituatem.

202 1963 289 2005 Vult
307 1961 509 2016 Apostolus
531 1969 570 2003 ut
595 1961 835 2002 exhibeamus
851 1959 936 2002 Deo
957 1976 1086 2015 corpus
1101 1969 1290 2012 nostrum,
1306 1976 1400 2004 orn-

146 2039 291 2080 nesque
314 2026 476 2077 corporis
495 2030 616 2064 motus
637 2030 671 2063 et.
689 2030 814 2066 actusz
843 2024 909 2064 sed
928 2026 1028 2077 quasi
1057 2023 1213 2070 hostiam
1233 2025 1399 2064 rationa-

143 2089 217 2130 lem
234 2094 270 2128 et
288 2087 532 2141 spiritualem,
553 2087 687 2139 quippe
719 2088 739 2126 ὸ
766 2088 893 2138 spiritu
914 2088 1079 2136 interno,
1102 2099 1192 2138 puro
1211 2090 1247 2125 et
1273 2091 1401 2126 sancto

145 2151 342 2190 animatam
361 2155 398 2190 et
417 2148 590 2188 oblatam.
1398 2178 1401 2182 .

201 2205 309 2250 Sicut
324 2207 428 2251 Deus
442 2210 587 2263 spiritus
604 2214 657 2248 est
673 2239 684 2258 ‚
707 2209 755 2248 ita
777 2208 996 2261 spiritualem
1012 2208 1059 2248 illi
1078 2214 1111 2248 ct
1131 2210 1315 2249 internum
1332 2222 1403 2250 ex-

146 2270 272 2313 hibete
309 2271 444 2312 cultum
460 2301 473 2322 ,
502 2271 614 2326 qualis
646 2278 702 2311 est
738 2273 845 2325 supro
879 2269 994 2311 dictus
1010 2300 1022 2321 ‚
1061 2268 1232 2322 spirituali
1267 2269 1404 2313 seilicet

145 2334 364 2374 mactatione
379 2331 464 2374 Deo
479 2347 612 2388 corpus
633 2330 875 2373 immotando.
