1410 2554
336 51 512 81 'rnirfflx
540 49 765 82 exposme.
793 37 889 91 Cap.
916 37 966 79 X.
1199 36 1282 90 273

346 167 686 198 onsunvtwrro
714 167 944 212 moruus

501 278 539 315 in
561 273 616 326 JV.
639 290 665 330 9
689 282 726 314 et
751 291 816 316 ιο.

85 391 225 434 Omnia
243 390 447 444 Religionis
466 388 581 431 officia
601 393 637 431 in
657 390 713 431 his
731 392 874 432 duobus
893 390 1277 446 comprehenduntur;

26 458 136 498 corde
155 456 324 504 credere,
347 471 410 496 ore
428 462 464 496 et
485 469 597 510 opere
615 456 794 496 confiteri.
811 454 987 497 Interiora
1010 460 1046 498 in
1071 454 1149 498 fide
1164 488 1175 506 ‚
1196 470 1280 510 quae

26 525 242 560 caeterorurn
263 520 359 558 basis
375 523 455 569 est,
481 519 712 558 eontinentur
729 532 738 565 ;
761 519 941 559 exteriora
963 519 998 557 in
1017 517 1249 559 consessione
1265 549 1278 569 ,

25 598 109 639 quoe
128 585 167 624 fit
186 598 248 624 ore
264 590 301 624 et
317 597 443 637 opere.

81 647 193 690 Fides
212 649 330 691 cordis
362 646 483 688 Deum
506 650 601 687 intus
619 646 804 694 honomt3
831 647 1014 688 consessio
1033 649 1218 689 exterius:
1242 653 1281 688 et

26 714 109 765 quia
129 714 222 751 intus
243 718 279 752 et
297 713 457 751 exterius
475 724 559 750 eurn
580 710 758 750 debemus
770 711 951 752 honorare
967 742 978 761 ,
997 711 1086 752 hinc
1105 725 1181 751 non
1196 710 1280 751 sus-

25 772 101 812 ficit
120 772 270 812 credere
288 786 297 818 ς
319 771 387 812 sed
407 777 584 823 praeterea
617 785 766 812 necesse
794 778 847 812 est
876 774 1054 812 internam
1077 771 1189 812 fidem
1211 786 1280 813 ex-

26 835 156 877 hibere
170 835 290 887 lingua
307 865 317 884 ,
335 836 503 875 manibus
515 865 526 884 ‚
552 833 638 874 vita.

84 894 159 946 Qui
176 890 366 936 Christum
384 893 586 935 Dominum
604 896 786 934 erubuerit
800 925 810 942 ,
825 892 974 935 Christo
993 894 1131 935 servire
1152 892 1282 947 indig-

27 972 95 1000 nus
115 965 193 1010 est,
212 958 325 998 multo
340 960 455 1010 magis
472 972 554 998 cum
569 959 647 1011 ipso
663 971 829 1010 regnare.

354 1081 450 1109 ALIA
476 1080 744 1110 OBSERVATIO
778 1080 956 1110 MORALIS

502 1182 542 1220 in
563 1177 618 1230 y.
643 1181 682 1223 6.
709 1195 745 1234 7.
768 1181 806 1222 8.

81 1284 313 1340 lucarnam,
346 1303 470 1340 mors,
492 1295 527 1329 et
560 1292 775 1331 resurrectio
799 1285 940 1330 Christi
970 1290 1151 1342 praecipua
1177 1287 1282 1331 indi-

27 1358 151 1393 cantur
170 1353 256 1393 fidei
279 1359 413 1393 nostrae
436 1352 583 1402 obieeta
602 1368 611 1400 3
637 1359 674 1397 at
702 1353 845 1394 ibidem
866 1352 1043 1394 indicatur
1058 1351 1158 1405 quod
1175 1353 1283 1395 nobis

25 1414 271 1453 necessarium
300 1427 377 1452 non
405 1413 451 1452 sit
475 1426 517 1452 ea
547 1414 719 1467 mysteria
740 1418 952 1465 penetrare;
973 1410 1041 1452 sed
1062 1407 1156 1452 Deo
1174 1412 1283 1454 nobis

25 1473 84 1514 itta
103 1475 280 1516 revelanti
304 1475 468 1515 credere.

85 1535 215 1580 Certus
231 1552 312 1579 sum
332 1545 368 1578 et
388 1539 464 1578 scio
484 1537 582 1589 quod
605 1535 708 1578 Deus
724 1544 843 1590 potest
857 1536 975 1578 facere
994 1538 1094 1592 quod
1113 1552 1190 1579 non
1211 1552 1282 1580 va-

23 1599 84 1641 teo
118 1615 276 1655 capere;
315 1599 425 1640 credo
444 1602 564 1652 itaque
591 1599 769 1654 quidquid
797 1599 974 1639 revetavit
1003 1597 1129 1648 Deus,
1157 1613 1281 1653 quan-

23 1671 261 1720 tumcumque
278 1679 402 1705 meum
420 1671 565 1718 superet
584 1672 750 1718 captum:
769 1663 860 1704 mihi
873 1666 964 1705 sicut
980 1673 1017 1706 et
1035 1662 1279 1717 Tertulliano,

24 1724 221 1775 credibile,
244 1727 327 1778 quia
346 1725 557 1765 incredibile
575 1740 585 1764 ε
606 1739 681 1764 non
694 1724 928 1777 pudendum,
951 1727 1037 1777 quia
1052 1725 1282 1777 pudendum.

81 1783 186 1828 Sicut
211 1785 402 1828 Abraham
425 1788 465 1826 in
495 1802 597 1839 spem
615 1795 748 1828 contra
777 1803 882 1840 spem
915 1789 1093 1837 credidit,
1119 1796 1158 1829 ut
1177 1788 1283 1831 fieret

22 1855 126 1904 pater
144 1847 250 1896 fid'ei;
271 1851 324 1889 sic
344 1851 381 1888 in
405 1849 657 1890 fidem¹contra
682 1849 775 1890 mihi
795 1848 1020 1892 credendum
1043 1857 1098 1892 est
1114 1881 1127 1902 ,
1152 1857 1192 1892 ut
1210 1853 1284 1893 sim

25 1915 220 1968 spiritualis
237 1911 408 1956 Abrahae
419 1914 522 1955 tilius.

84 1976 138 2029 Y.
150 1993 164 2017 1
178 1989 210 2018 ι.
225 1978 325 2017 Dicit
337 1980 436 2017 enim
447 1979 662 2031 Scriptura:
682 1978 822 2017 Omnis
833 1979 897 2032 qui
909 1978 1072 2020 credit...
1089 1980 1216 2032 probat
1233 1993 1283 2022 ex

29 2034 210 2092 Scriptura
228 2039 331 2091 quod
348 2041 471 2080 omnis
493 2042 558 2094 qui
572 2070 585 2088 ,
609 2047 648 2082 ut
666 2041 893 2093 explicatum
915 2049 985 2090 est,
1009 2042 1138 2091 credit,
1157 2043 1281 2083 salvus

32 2103 117 2148 crit‚·
132 2108 166 2142 et
184 2101 283 2157 quod
298 2099 350 2151 JV.
365 2103 504 2152 4.dixit
517 2101 702 2144 Christum
721 2102 916 2155 iustificare
931 2118 1061 2146 omnes
1079 2104 1287 2148 credentes.

30 2157 128 2200 Haee
143 2161 256 2201 verba
274 2170 462 2203 sumuntur
481 2178 529 2205 ex
560 2162 653 2204 lsaia
671 2163 736 2205 28.
763 2163 826 2204 16.
846 2179 923 2204 non
956 2163 1225 2218 consundclur;
1247 2166 1286 2206 id

29 2232 110 2276 est,
133 2229 387 2280 expectatione
408 2230 472 2270 sua
498 2243 575 2271 non
599 2230 845 2281 frustrabitur,
868 2230 934 2271 sed
957 2232 1140 2284 ‘speratam
1169 2246 1282 2274 asse-

31 2298 162 2346 quetur
173 2291 340 2338 salutern.
759 2286 762 2289 Δ
