1410 2554
158 91 209 118 12
515 90 732 120 Ems'roLAE
763 91 820 120 AD
850 91 1054 122 Romanos

153 148 266 190 alios:
283 149 330 188 sit
343 146 370 189 J
374 164 437 190 esu
451 147 589 190 Christi
605 157 640 190 et
663 152 742 202 ejus
760 145 943 191 Ecclesiae
970 165 1124 199 servus;
1147 154 1260 194 vitam
1277 185 1288 206 ‚
1303 130 1410 196 laboyr

153 229 257 261 rem,
286 215 431 256 divitias
451 246 461 264 ‚
486 219 607 258 omnia
633 231 696 257 sua
711 247 723 268 ,
739 231 804 269 pro
831 217 898 256 illis
918 218 1129 269 impendat;
1155 221 1382 273 evangelizet
1398 251 1410 270 ³

155 279 284 320 doceat
315 277 557 334 Evangelium
579 280 653 321 Dei
674 296 684 326 ς
715 296 791 321 non
819 295 916 321 nova
941 311 952 330 ‚
980 296 1056 321 non
1074 284 1122 323 ab
1153 287 1325 327 omnibus
1351 287 1410 326 in-

153 347 265 381 venta
281 354 291 384 ι
305 339 381 379 sola
397 339 469 381 Dei
481 344 624 382 vocatio
641 340 766 392 datius
778 342 824 382 ad
832 339 1113 394 Episcopatum:
1129 347 1268 385 servire
1281 344 1410 388 Chris-

155 407 194 441 to
210 407 246 442 et
264 396 460 451 Ecclesiae,
480 418 546 455 pro
562 403 619 442 illzt
648 406 776 444 vivere
791 434 802 453 ‚
834 404 1000 448 laborare
1019 439 1031 459 ‚
1048 407 1144 460 pati,
1168 408 1286 457 mori,
1319 413 1410 461 certa

154 462 382 503 suntdivinae
394 466 596 503 vocationis
615 465 767 504 indicia:
782 468 1033 520 evangelizare
1046 498 1056 517 ‚
1074 467 1207 506 docere
1229 462 1410 519 Evangess·

152 524 243 566 lium
265 523 337 566 Dei
354 554 363 573 ‚
382 524 465 564 finis
483 520 725 578 Episcopatus
742 556 752 576 ‚
772 540 838 567 seu
857 529 1061 568 vocationis
1075 526 1121 567 ad
1140 523 1410 579 Episcopatum,

211 589 267 641 y,
285 606 320 630 2.
348 589 462 643 Quod
475 592 564 629 αηίὲ
583 593 808 642 promiserat
821 621 834 640 ,
857 600 927 633 etc.
946 589 1061 633 Dixit
1078 605 1118 631 se
1138 588 1363 643 Apostolum
1380 598 1410 630 el

151 650 348 705 Evangelii
369 665 611 706 prceconem:
633 668 730 693 nunc
752 654 888 694 indicat
921 656 1021 705 cujus
1039 651 1231 704 Evangelii
1255 653 1300 692 sit
1316 665 1410 706 prae·

151 729 197 756 co
214 747 226 765 ‚
244 730 380 768 nempe
400 718 593 766 Evangelii
609 717 682 755 Dei
692 711 912 769 ;Evangelii
931 732 996 771 per
1008 714 1215 768 Prophetas
1232 717 1276 770 5¹¹,
1285 712 1410 768 Scrip-

151 778 240 816 turis
263 780 283 817 a
302 775 389 816 Deo
407 779 574 830 promissi
595 793 604 823 ;
625 773 821 829 Evangelii
851 780 896 818 de
916 781 1014 820 Filio
1034 794 1100 818 suo
1117 808 1129 829 ‚
1156 780 1256 830 cujus
1284 779 1410 829 objec-

155 846 234 880 tum
252 846 307 880 est
324 837 438 880 Filius
457 837 529 880 Dei
549 857 557 888 3
583 838 775 893 Evangelii
804 843 926 895 itaque
945 845 1096 882 omnino
1116 849 1153 882 et
1175 842 1410 897 undequaque

158 905 294 946 divini.

209 967 332 1019 Hujus
340 968 550 1008 recordetur
565 970 620 1008 vir
633 964 886 1023 Apostochs,
897 976 932 1009 et
949 971 1157 1010 meminerit
1168 971 1268 1021 cujus
1284 967 1410 1012 Evanss

152 1029 237 1083 gelii
253 1031 299 1070 sit
319 1043 462 1082 praeco;
481 1029 639 1082 illudque
654 1044 720 1084 pro
738 1030 803 1071 sua
823 1031 999 1084 dignitate
1015 1037 1167 1071 conetur
1186 1030 1410 1073 administra-

150 1110 193 1137 re
209 1095 321 1148 digne
338 1093 439 1135 Deo.

223 1158 269 1208 ᾖ.
293 1161 332 1202 3.
358 1160 577 1214 Quifactus
596 1167 652 1202 est
668 1163 715 1201 ei.
728 1159 811 1203 Nec
827 1168 951 1202 textus
970 1159 1120 1203 Graecus
1141 1192 1152 1212 ‚
1180 1177 1250 1203 nec
1269 1163 1410 1203 versio-

149 1240 218 1269 nes
233 1222 380 1279 Syriaca
392 1254 402 1272 ,
427 1220 594 1264 Arabica
605 1254 616 1275 ‚
632 1222 843 1280 AEthiopica
855 1256 867 1277 ‚
900 1225 1038 1266 habent
1056 1226 1267 1279 particulam
1285 1229 1323 1267 ei
1331 1241 1347 1275 ,·
1363 1228 1410 1268 sic

151 1297 274 1331 tamen
297 1287 385 1341 legit
403 1283 462 1328 D.
480 1286 657 1329 Ambros,
681 1303 768 1338 seu,
788 1297 826 1330 ut
847 1303 945 1330 nunc
963 1290 1106 1340 volunt,
1128 1287 1291 1331 Hilarius
1315 1287 1410 1331 Dia-

151 1367 268 1395 conus
282 1349 488 1392 Romanus.
505 1349 559 1393 Ita
578 1354 690 1392 etiam
709 1349 748 1392 S.
770 1348 928 1404 August.

207 1411 340 1455 Paucis
361 1414 515 1465 exponit
541 1414 621 1465 quis
641 1414 687 1452 sit
703 1410 812 1454 Jesus
840 1411 1007 1454 Christus
1022 1444 1032 1462 ‚
1059 1422 1094 1455 et
1121 1422 1312 1467 utramque
1331 1415 1410 1466 ejus

149 1476 304 1518 exhibet
329 1483 366 1517 et
387 1478 665 1530 generationem
685 1484 723 1517 et
743 1484 933 1525 naturam;
959 1480 1060 1530 quasi
1075 1477 1236 1519 diceret:
1253 1476 1319 1518 Ille
1349 1479 1410 1532 qui

150 1543 198 1584 ab
212 1549 354 1584 aeterno
374 1549 447 1582 erat
467 1539 581 1582 Filius
600 1539 674 1583 Dei
702 1556 749 1583 ex
765 1540 965 1583 substantia
984 1540 1126 1594 Patris,
1148 1543 1263 1585 sactus
1281 1551 1336 1585 est
1355 1543 1410 1590 fi-

150 1607 220 1648 lins
249 1606 412 1647 hominis
445 1608 482 1646 in
502 1613 669 1659 tempore
687 1620 735 1647 ex
759 1606 960 1647 substantia
977 1604 1135 1656 Matris:
1159 1610 1284 1662 sicque
1307 1620 1410 1650 verus

150 1671 260 1715 Deus
275 1703 286 1720 ‚
306 1687 416 1714 verus
433 1672 563 1713 homo.
1400 1725 1405 1732 .

212 1736 293 1789 Qui
301 1735 430 1784 factus
443 1743 510 1775 est.
526 1733 610 1788 Syr.
622 1738 682 1790 qui
692 1741 796 1777 natus
811 1743 887 1784 est3
907 1734 1077 1788 AEthiop.
1094 1737 1155 1788 qui
1172 1738 1316 1791 genitus
1334 1742 1410 1787 est,

152 1809 190 1846 et
209 1806 385 1858 provenit
406 1834 418 1853 ‚
438 1802 474 1843 id
493 1809 547 1843 est
566 1832 576 1850 ‚
605 1805 666 1855 qui
691 1803 892 1843 secundom
920 1816 1066 1843 carnem
1084 1801 1197 1842 sactus
1218 1831 1230 1852 ‚
1246 1815 1316 1843 seu
1347 1803 1410 1843 in-

149 1871 315 1906 carnatus
328 1872 395 1905 est.
413 1865 470 1911 Et,
491 1860 576 1903 Deo
593 1861 694 1904 Patri
711 1893 722 1913 ,
742 1863 788 1903 ad
814 1859 895 1905 Dei
909 1864 1058 1917 gloriam
1071 1893 1083 1912 ‚
1113 1876 1162 1901 ea:
1179 1863 1319 1901 semine
1333 1862 1410 1904 Da·

150 1927 232 1968 vid.
263 1924 346 1980 Syr.
377 1941 425 1967 ex
447 1929 589 1967 semine
609 1923 742 1965 domus
761 1922 886 1965 David
906 1954 917 1973 ‚
934 1924 979 1964 ‘id
999 1929 1053 1963 est
1072 1952 1083 1971 ,
1108 1936 1154 1962 ex
1180 1919 1296 1963 Maria
1317 1920 1410 1964 Vir-

150 1989 236 2040 gine
252 2016 263 2036 ‚
292 1984 483 2027 Davidicae
499 1988 619 2041 stirpis
640 2017 652 2038 ‚
675 2000 738 2026 seu
760 1985 883 2040 genita
911 2000 960 2026 ex
987 1985 1129 2044 semine
1160 1980 1296 2024 David.
1322 1980 1410 2024 Luc.

210 2112 291 2166 Qui
296 2113 586 2165 proedestinatus
606 2112 784 2166 cstfile'us
804 2114 884 2161 Dei,
907 2118 978 2152 etc.
995 2108 1063 2151 Gr.
1080 2108 1139 2150 illo
1155 2108 1306 2149 delinito
1319 2104 1410 2150 Filio

120 2167 122 2169 ’
150 2170 224 2212 Dei
243 2202 252 2220 ‚
270 2179 339 2213 etc.
354 2171 437 2226 Syr.
455 2181 491 2214 et
508 2176 651 2226 agnilus
671 2180 728 2214 cst
749 2173 840 2214 filius
861 2171 958 2223 Dei,
974 2178 1043 2213 etc.
1065 2169 1182 2211 Arab.
1203 2170 1410 2224 destinato¹

151 2232 321 2288 AEthiop.
347 2251 454 2290 quem
477 2236 686 2277 declaravit.
706 2234 803 2276 Haec
834 2237 947 2277 verba
966 2235 1067 2275 aliter
1080 2237 1100 2274 a
1121 2231 1264 2275 Graecis
1275 2263 1290 2282 ‚
1310 2233 1410 2278 alite!

148 2303 169 2341 a
190 2298 330 2343 Latinis
347 2302 585 2356 explicantur.
605 2301 816 2343 Secundum
846 2300 999 2344 Latinos
1017 2300 1078 2341 hic
1097 2314 1225 2342 sensus
1252 2308 1326 2341 est:
1345 2299 1410 2342 etsi

150 2362 355 2404 secundum
372 2370 538 2404 naturam
567 2362 764 2404 humanam
784 2364 876 2404 fitius
895 2365 940 2404 sit
961 2362 1122 2404 hominis
1141 2393 1152 2413 ,
1172 2368 1295 2403 tamen
1317 2374 1410 2416 ρω-
