1410 2554
326 54 508 85 runnu-:x
538 39 771 109 naevosi-rio,
791 39 887 99 Cap.
918 41 1045 87 VIII.
1232 55 1323 104 „²⁰9

67 153 71 154 ⁷
115 113 156 158 Si
182 109 319 157 ‘Filium
336 114 482 168 largitus
501 118 579 164 est,
608 117 656 155 ait
681 111 731 156 D.
762 113 874 157 Joan.
902 111 1221 169 Chrysostomus‚
1249 131 1322 158 nec

58 169 277 232 dimpliditer
287 176 448 230 largitus,
460 177 526 218 sed
539 177 632 218 caedi
643 176 808 224 tradidit;
823 176 911 231 quid
920 178 992 228 jam
1003 191 1112 229 super
1120 177 1198 218 aliis
1209 179 1323 221 rebus

58 235 281 289 flfl'd‘ubitas,
318 240 510 281 dominum
540 243 625 281 cum
658 234 877 293 acceperis?
913 239 1000 293 quid
1030 239 1176 281 haesitas
1207 256 1320 296 super

55 306 355 359 possessionibus
370 334 381 352 ‚
405 299 535 345 herum
559 308 642 344 cnm
669 303 836 344 habeas?
872 319 956 345 nam
986 306 1047 358 qui
1076 305 1177 359 quod
1202 308 1319 358 majus

56 378 158 420 erat,
181 372 339 411 inimicis
361 369 483 419 dedit,
509 368 573 424 qui
603 369 667 410 siet
682 397 693 419 ‚
715 375 754 410 ut
778 382 862 422 quae
893 371 1038 410 minora
1057 376 1142 410 sunt
1159 399 1172 421 ‚
1190 374 1319 414 amicis

58 447 138 476 non
155 433 240 474 det?

107 489 155 540 ᾖ.
178 491 244 535 33.
282 492 378 546 Quis
403 492 600 533 accusabit
625 491 798 532 adversus
825 493 960 532 electos
985 492 1093 534 Det?
1115 490 1203 547 Syr.
1234 497 1316 547 quis

49 568 134 597 sese
151 562 314 610 opponet
333 555 456 611 electis
475 552 577 594 Dei?
595 551 853 608 Superioribus
869 554 1036 595 versibus
1050 553 1180 595 fideles
1199 555 1312 596 exci-

48 619 141 660 tavit
161 619 207 659 ad
224 619 395 660 fiduciam
410 613 450 659 in*
463 612 598 658 Deum
610 647 622 668 ,
648 623 773 658 contra
790 623 1047 671 persecutores
1073 619 1279 659 exteriores
1294 648 1307 670 ,

49 677 232 721 Ethnicos
253 680 391 720 scilicet
404 709 414 727 ‚
437 680 499 732 qui
517 679 626 718 bonis
642 685 678 719 et
702 677 776 718 vita
794 676 1022 732 Christianos
1045 690 1149 731 saepe
1162 678 1309 731 spotia-

47 741 138 780 bant
157 755 166 778 ε
184 739 314 781 fideles
327 770 338 788 ,
356 739 429 780 hoc
459 740 498 779 in
524 752 606 779 casu
624 768 635 788 ‚
654 741 809 780 armavit
833 740 934 792 quasi
954 743 1056 778 scuto
1069 767 1083 786 ,
1103 737 1230 779 dicens
1245 768 1257 789 ,
1275 740 1313 779 .ςί

46 795 150 835 Deus
164 810 234 847 pro
248 795 367 836 nobis.
383 791 492 835 Nunc
513 793 667 834 eosdem
688 793 815 834 fideles
828 794 975 834 roborat
996 799 1122 832 contra
1138 794 1311 834 timorem

45 858 231 898 internum
247 886 260 907 ‚
280 857 437 906 scilieet,
457 862 583 903 contra
600 857 835 897 conscientiae
852 857 1075 895 anxietatem
1093 854 1143 894 ob
1160 860 1312 907 peccata

45 929 255 958 commissa.

103 979 200 1031 Quis
221 978 422 1018 accusabit
439 975 700 1018 Christianos?
729 991 794 1018 seu
812 978 949 1019 electos
968 977 1014 1017 ad
1033 977 1148 1018 fidem
1164 983 1203 1017 et
1221 990 1309 1031 gra-

41 1042 130 1081 riam
143 1041 412 1082 christianismi.
429 1037 575 1080 Omnes
592 1037 787 1081 Christiani
803 1040 847 1081 ad
860 1043 1010 1093 gratIam
1021 1041 1203 1094 complete
1217 1047 1306 1082 sunt

42 1100 176 1151 electi,
203 1100 374 1142 inchoate
404 1107 529 1141 autem
547 1101 593 1142 ad
611 1101 762 1153 gloriam
791 1117 801 1141 z
826 1102 872 1143 de
890 1102 1068 1142 electione
1094 1102 1140 1142 ad
1157 1105 1310 1154 gratiam

40 1162 104 1203 tnc
123 1166 194 1216 agit
215 1161 430 1216 Apostolus.
453 1165 553 1203 Deus
568 1165 634 1215 qui
651 1163 857 1214 justificat.
875 1160 943 1204 Gr.
958 1162 1063 1204 Deus
1080 1165 1282 1214 justificans
1295 1193 1310 1216 ,

39 1225 78 1266 td
93 1232 173 1274 est,
200 1223 304 1267 Deus
316 1227 394 1279 ipse
406 1224 475 1266 hos
493 1226 628 1266 electos
646 1229 666 1265 a
682 1228 838 1278 peccatis
857 1225 1019 1266 absolvit
1039 1231 1075 1265 et
1090 1228 1204 1277 justos
1220 1239 1309 1280 pro·

37 1290 197 1328 nuntiat.

95 1346 142 1396 i.
167 1349 235 1400 34.
265 1349 364 1402 Quis
389 1355 446 1389 est
471 1349 536 1401 qm‘
557 1349 776 1388 condemnet
791 1350 814 1389 Ρ
838 1347 908 1391 Gr.
927 1352 1009 1402 quis
1029 1350 1308 1391 condemnans?

37 1409 206 1454 Christus
237 1421 428 1462 mortuus,
461 1414 577 1464 magis
595 1416 709 1462 vero,
746 1419 782 1454 et
810 1415 1013 1462 excitatus,
1044 1416 1106 1467 qui
1126 1420 1164 1453 et
1185 1419 1241 1454 est
1265 1415 1304 1454 in

37 1475 190 1517 dextera
213 1473 317 1516 Dei:
342 1475 379 1515 id
409 1482 486 1524 est,
516 1476 596 1527 quis
629 1475 890 1516 condemnabit
928 1470 1031 1516 eos?
1056 1489 1102 1514 an
1134 1471 1306 1515 Christus

36 1535 176 1582 Joeus?
195 1540 227 1578 is
250 1539 328 1590 ipse
346 1545 401 1578 est
419 1539 479 1590 qui
495 1550 560 1590 pro
577 1537 686 1577 nobis
702 1546 865 1579 mortuus
881 1545 935 1579 est
948 1568 959 1585 ‚
979 1541 1039 1592 qni
1059 1538 1174 1577 nostri
1187 1536 1299 1577 causi

35 1600 268 1645 resuscitatus
293 1605 347 1638 est
369 1613 378 1638 ε
401 1601 571 1639 nimirum
591 1629 602 1648 ‚
633 1606 670 1640 ut
690 1601 735 1639 ad
758 1601 927 1640 dextram
947 1599 1019 1642 Dei
1038 1602 1173 1642 sedens
1187 1631 1199 1652 ‚
1225 1604 1301 1644 in-

34 1661 199 1715 terpellet
221 1674 291 1714 pro
306 1662 434 1710 nobis,
452 1668 686 1716 nostramque
707 1663 859 1703 salutem
875 1661 960 1704 Deo
982 1666 1234 1706 commendet.

366 1810 703 1840 onst-:nvA'rto
732 1813 973 1843 nonnus.

523 1920 562 1958 in
581 1919 649 1958 hos
667 1934 811 1961 versus.

87 2045 178 2093 Heu
199 2052 331 2092 miram
350 2050 427 2092 Dei
445 2053 674 2095 bonitatem!
696 2054 719 2095 ὁ
742 2070 905 2096 amorem
923 2056 1169 2098 ineffabilem!
1183 2056 1300 2100 Pater

29 2115 181 2166 proprio
196 2113 288 2164 filio
309 2130 381 2162 ,suo
399 2131 473 2155 non
498 2118 714 2170 pepercr‘e...
738 2121 900 2172 Spiritus
924 2127 1062 2159 sam-tu
1102 2133 1170 2173 pro
1187 2118 1299 2162 nobis

31 2178 200 2228 postulat
213 2177 412 2228 gemitibus
428 2180 742 2221 inenarrabilibus
757 2198 770 2222 .-
789 2183 911 2223 Filius
924 2199 991 2234 pro
1007 2185 1115 2224 nohis
1130 2193 1297 2232 mortuus

30 2249 108 2290 est,
127 2241 164 2282 id
178 2249 233 2282 est
245 2272 256 2289 ,
273 2251 422 2297 propter
438 2252 560 2285 nostra
577 2246 706 2288 delicta
721 2265 730 2293 ς
747 2248 951 2288 resurrexit
961 2258 1114 2303 propter
1126 2259 1295 2292 nostram

21 2300 343 2354 justificationem
364 2332 377 2352 ‚
410 2306 596 2359 nobisque
624 2310 840 2363 resurgendi
865 2324 972 2364 spem
1003 2319 1139 2354 cci-tam
1165 2311 1301 2360 dedit3

263 2371 281 2397 ι
1089 2382 1128 2421 9.
