1410 2554
498 0 778 73 'mozoom‚
802 26 886 63 etc.
1271 27 1346 78 x'xj

117 89 291 140 [ὦπα
303 87 654 151 adamnanus,
666 89 1115 152 anebssaeCorinthi,
1128 91 1181 139 in
1193 100 1347 159 portu

22 185 23 221 3
51 171 403 223 -EmehrensL

119 257 360 324 Septima
379 255 443 306 ad
465 254 824 344 Philippenses,
849 273 934 303 an.
956 255 1039 305 62.
1061 254 1266 316 Romae,
1287 255 1343 304 in

18 374 19 378 =
73 340 254 404 primis
271 337 511 388 vinculis.

145 424 340 473 Octava
359 419 424 470 ad
447 419 792 482 Colossenses,
825 439 908 470 an.
938 422 1020 470 62.
1053 419 1257 481 Romoe,
1285 420 1347 468 ‘in

78 505 257 555 iisdem
284 504 517 554 vinculis.
734 488 741 496 ⁵

144 586 293 636 Nona
327 584 388 634 ad
411 583 780 644 Philemonem,
817 602 899 632 an.
949 585 1030 634 62.
1066 586 1265 643 Romae,
1291 584 1345 631 in

83 666 261 716 iisdem
281 664 522 757 vinculis,
561 664 647 714 sed
679 681 884 730 sperans
905 664 971 714 ab
992 666 1063 714 eis
1090 664 1191 714 cito
1212 662 1344 712 libe-

78 749 202 797 rari.

143 829 352 878 Decima
389 828 454 878 ad
483 828 757 887 Hebraeos,
786 847 868 876 an.
903 828 986 876 63.
1017 828 1223 886 Romae,
1258 835 1345 875 aut

79 910 254 960 saltem
270 911 323 956 in
345 909 485 956 Italia
500 945 512 968 ,
533 907 685 973 paulo
703 916 815 972 post
833 909 995 973 prima
1018 905 1241 955 vincula.

151 988 430 1039 Undecima
441 990 581 1055 prior
594 988 658 1038 ad
668 989 991 1039 Timotheum
1005 990 1031 1038 ὲ
1045 986 1345 1038 Macedonia

12 1097 13 1100 ¹
80 1086 164 1118 an.
187 1068 269 1131 64.

2 1154 3 1158 ’
142 1151 452 1224 Duodoeima
473 1151 535 1200 ad
553 1153 723 1200 Titum
765 1150 1026 1216 Nicopoli,
1053 1167 1135 1197 an.
1160 1148 1252 1211 64:
1275 1146 1338 1196 de
1391 1188 1395 1194 .

0 1272 1 1278 η
75 1234 172 1283 hac
189 1243 354 1282 tamen
386 1243 598 1298 utraque
631 1250 809 1298 magna
837 1230 1179 1281 controversia
1203 1228 1342 1295 apud

78 1326 326 1367 auctores.
346 1315 476 1365 Vide
498 1316 849 1365 Praefationem
868 1314 1018 1363 illius.

136 1401 343 1450 Decima
362 1402 507 1448 tertia
522 1399 586 1448 ad
604 1400 845 1466 Ephesios
858 1434 871 1459 ,
893 1399 1068 1447 Romae
1086 1398 1139 1444 in
1158 1411 1341 1446 secun-

78 1480 155 1530 dis
174 1481 390 1530 vinculis
405 1517 418 1542 ,
441 1500 523 1529 an.
544 1481 626 1529 66.

141 1564 347 1611 Decima
390 1572 566 1627 quarta
606 1564 853 1627 posterior
892 1559 957 1608 ad
987 1559 1343 1622 Timotheum‘,

0 1683 5 1687 -
76 1645 252 1694 Romae
284 1646 336 1693 in
356 1645 587 1694 secundis
606 1643 821 1694 vinculis
848 1652 897 1691 et
930 1643 1079 1690 morti
1115 1643 1341 1703 vicinus,

79 1744 164 1776 an.
190 1726 272 1775 66.

138 1806 203 1855 Et
219 1805 281 1854 de
297 1807 376 1854 his
388 1805 584 1855 duabus
605 1807 753 1854 etiam
766 1804 1177 1864 controvertitur3
1196 1802 1347 1852 multi
1394 1802 1404 1807 ’

79 1887 215 1935 enim
247 1886 424 1936 volunt
449 1886 587 1951 quod
614 1889 667 1935 in
699 1887 873 1952 primis
897 1884 1113 1934 vinculis
1139 1886 1338 1951 scriptae

79 1966 271 2016 fuerint
293 1985 303 2015 :
326 1965 386 2015 de
409 1967 592 2031 quibus
605 1967 720 2016 vide
736 1965 1061 2015 Praefationes
1083 1967 1330 2032 proprias.

133 2049 292 2098 ‘Hunc
310 2047 536 2098 ordinem
558 2049 762 2110 stabilit,
785 2058 833 2097 et
849 2085 862 2108 ‚
884 2047 1130 2112 quantum
1146 2055 1310 2112 potest
1325 2083 1339 2106 ,

77 2127 261 2193 probat
288 2128 534 2177 Dominus
559 2131 636 2177 De
666 2131 924 2177 Tillemont
935 2163 953 2185 ,
977 2128 1028 2174 in
1058 2127 1159 2176 suis
1186 2127 1240 2174 in
1273 2124 1340 2174 D.

76 2203 292 2254 Paulum
309 2208 441 2255 notis
458 2243 471 2268 ,
494 2209 777 2267 Mdmoires,
794 2217 893 2256 etc.

146 2288 432 2354 Unicuique
471 2289 707 2357 Epistolae
743 2307 914 2351 suum,
946 2290 1000 2336 in
1029 2289 1128 2338 hoc
1158 2303 1339 2356 opem,
