1410 2554
0 0 19 26 Ρ.-

364 28 541 73 mmne
552 35 797 70 anomia,
814 22 987 76 Gom-1.
1254 26 1327 76 ars.

48 101 374 154 pawn-mimm-
384 96 663 144 uontumetiosi,
684 98 722 138 in
731 94 903 138 homines
917 95 1095 146 injuriosi,
1101 94 1307 139 -nifsemet—
1314 100 1323 106 ’·

50 163 316 217 ipsiswrrupti
329 167 369 202 et
381 158 653 202 abominabiles
667 157 830 199 suerunt.'
1091 194 1093 198 Α
1153 218 1162 227 .
1279 189 1282 194 ,

105 212 248 268 Hi'c'est
269 222 572 264 characterismus
595 220 736 260 illorum
756 226 985 272 temporum,
1002 215 1311 289 lnaeffertrmRo÷

42 302 124 330 moe
140 289 230 338 ,ubi
251 290 319 327 sub
346 285 538 338 flagitiosis
565 282 846 336 imperatoribus
861 310 872 330 ,
897 279 1053 321 Tiberio
1072 310 1084 330 ,
1108 279 1273 352 (saliga-la
1288 307 1304 326 ‚
1323 333 1327 341 μ

46 348 215 400 Claudio,
234 347 409 398 Nerone,
428 351 631 399 regnarunt*
642 346 767 384 omnia
796 345 882 383 vitia
895 349 962 394 ,et
986 342 1124 383 scelera
1146 346 1310 384 maxime

49 413 309 455 abominanda.
327 409 404 451 Sub
435 408 597 450 Neronis
622 422 720 448 anno
761 412 810 448 ¹.⁰
836 406 998 447 creditur
1031 405 1112 447 haec
1140 403 1311 458 Epistola

46 480 193 531 scripta.
213 475 310 517 Haec
340 480 528 515 enumerat
557 474 691 512 omnia.
708 471 800 511 mala
820 501 830 519 ,
850 478 888 511 ut
906 470 965 511 vel
997 471 1050 510 sic
1067 471 1241 511 conversi
1260 470 1308 511 ad

45 538 246 580 naturalem
262 536 485 578 intellectum
498 566 510 586 ,
527 535 783 588 intelligerent,
801 535 890 573 irato
909 532 1015 583 Deo,
1028 533 1109 574 haec
1124 534 1196 574 sibi
1213 547 1311 587 pro-

46 607 219 651 venisse;
244 601 477 645 Ambrosius.
495 599 557 643 Ex
575 600 646 642 hac
672 598 924 640 consummata
941 600 1130 651 gemilium
1150 598 1311 651 malitia,
1331 627 1334 631 ‹

44 667 147 708 disce
163 673 337 720 quantum
350 668 395 705 sit
414 664 548 705 malum
564 663 750 716 neglectus
770 661 857 703 Dei!
871 666 979 722 quarn
996 664 1158 704 terribile
1172 665 1218 704 sit
1235 663 1310 704 ho-
1327 709 1332 714 ¹

46 732 155 780 mini,
174 731 245 770 sibi
265 731 334 782 ipsi
355 728 473 769 deseri
492 742 502 775 ;
524 731 608 768 cum
626 727 766 768 nullum
784 728 829 766 sit
847 726 1072 777 barathrum,
1089 730 1126 767 in
1141 740 1214 781 quo
1231 741 1310 770 non

47 793 190 834 decidat
208 806 394 847 praeceps,
415 792 461 832 de
482 793 641 844 peccatis
663 793 701 832 in
724 797 894 843 peccam
919 791 966 831 de
985 793 1139 844 cognitis
1152 799 1190 833 et
1208 792 1311 833 ordi-

0 841 20 901 ,’
45 858 207 897 ῃθτὶἰείῑι
223 869 322 897 nova
341 863 377 896 et
393 858 576 907 incognita
586 855 760 904 volvitur,
780 855 902 895 donec
915 857 952 894 in
979 855 1311 906 insemum,0mnis

45 918 191 959 malitiae
210 925 375 958 centrum
388 947 399 967 ‚
417 916 643 956 detrudatur.

99 974 221 1022 Disce
239 987 276 1021 et
286 980 372 1020 hinc
390 978 491 1032 quod
506 980 551 1019 sit
570 978 739 1030 quaedam
758 977 905 1019 malitiae
919 977 1124 1030 plenitude,
1139 981 1312 1034 quaedam

41 1043 224 1092 injustitiae
240 1044 527 1091 consummatio,
546 1041 624 1081 talis
641 1048 675 1082 et
697 1048 795 1082 tanta
815 1042 1008 1082 criminum
1034 1043 1224 1084 inundatio
1241 1075 1253 1095 ,
1269 1051 1312 1087 ut

46 1104 138 1146 nihil
157 1108 268 1158 ipsius
285 1106 496 1159 malignitati
513 1105 620 1146 desit.

99 1166 210 1209 Mens
240 1170 394 1221 reproba
411 1200 422 1217 ,
452 1172 533 1208 cum
568 1168 682 1208 semel
703 1167 793 1207 sacta
819 1167 925 1208 suerit
944 1198 954 1219 ,
974 1174 1181 1212 necessarie
1202 1173 1243 1214 fit
1265 1181 1311 1216 ut

0 1261 3 1266 .
45 1234 168 1272 omnia
202 1232 445 1277 distrahantur
472 1246 514 1271 ac
539 1232 820 1282 subvertantur,
853 1234 1047 1284 nimirum,
1080 1238 1203 1288 auriga
1233 1239 1306 1288 jam

43 1300 213 1346 corrupto
237 1309 245 1333 ε
264 1292 313 1334 D.
331 1292 471 1348 Chrys·

95 1355 151 1407 ss.
172 1356 238 1397 32.
252 1357 332 1410 Qui
347 1359 430 1396 ciem
447 1357 639 1408 justitium
665 1358 774 1399 Dei...
804 1356 872 1399 Gr.
895 1364 955 1413 qui
971 1362 1027 1411 jus
1046 1360 1118 1403 Dei
1144 1379 1307 1418 cognos-

37 1422 167 1475 centes
187 1418 204 1468 (
222 1421 394 1472 quoniam
413 1420 494 1460 talia
522 1428 672 1474 agentes
688 1421 787 1473 digni
805 1425 924 1463 morte
942 1431 1027 1464 sunt
1044 1425 1060 1476 )
1082 1441 1158 1466 non
1186 1429 1321 1470 solum·

44 1494 85 1521 ea
105 1480 334 1522 facientibus.
357 1480 445 1537 Syr.
462 1485 524 1536 qui
551 1486 634 1522 cum
659 1486 783 1523 norint
810 1484 985 1534 judicium
1006 1485 1103 1537 Dei,
1125 1490 1223 1542 quod
1245 1505 1311 1532 eos

46 1544 107 1597 qui
125 1543 206 1584 talia
223 1551 432 1596 perpetrant
448 1575 458 1594 ,
479 1544 527 1584 ad
541 1551 702 1585 mortem
732 1546 902 1595 damnat,
921 1562 997 1587 non
1023 1549 1140 1590 solum
1158 1566 1200 1591 ea
1221 1567 1312 1605 per-

53 1611 193 1656 agunt,
216 1605 284 1645 sed
311 1608 420 1646 etiam
440 1608 650 1661 participant
671 1609 712 1646 iis
728 1610 810 1661 quia
828 1622 869 1648 ea
895 1608 1045 1650 faciunt.
1064 1610 1130 1652 Ab
1150 1613 1310 1657 hodier-

53 1682 105 1709 no
124 1676 226 1710 textu
245 1683 361 1721 graeco
385 1672 516 1712 absunt
532 1671 594 1713 hae
625 1687 737 1714 voces
756 1704 767 1723 ,
792 1689 865 1714 non
897 1676 1184 1726 &uellem-unt,-
1205 1683 1306 1732 juxta

51 1743 163 1782 quem
189 1745 317 1772 sensus
350 1739 405 1773 est
435 1733 534 1787 quod
565 1733 773 1787 philosophi
802 1743 903 1776 erant
934 1740 1096 1781 maximi:
1122 1744 1173 1781 rei
1191 1760 1199 1787 ;
1220 1746 1305 1796 quia

43 1797 170 1831 contra
190 1806 292 1832 suam
311 1794 501 1834 scientiam
520 1825 530 1843 ,
548 1802 583 1834 et
604 1795 696 1835 mala
710 1795 790 1836 haec
813 1801 920 1851 supra
939 1799 1034 1841 dicta
1050 1801 1251 1854 faciebant,
1264 1811 1304 1845 et

40 1847 118 1891 aliis
139 1866 181 1891 ea
201 1852 418 1894 facientibus
446 1856 740 1899 consentiebant.

96 1912 153 1958 At
173 1917 272 1967 juxta
289 1927 450 1961 nostram
471 1921 652 1974 vulgatam
669 1953 680 1974 ‚
700 1930 868 1966 taxantur
903 1922 1114 1982 philosophi
1137 1932 1298 1984 populo-

37 1994 119 2020 rum
148 1982 337 2033 doctores,
355 1986 455 2038 quod
476 1986 561 2028 ticet
571 1988 749 2039 justitiam
781 1986 861 2032 Dei
881 2022 890 2040 ‚
915 2007 981 2035 seu
1005 1994 1124 2047 legem
1144 2005 1299 2043 natura-
1337 2035 1339 2038 ,

32 2043 108 2085 lem
138 2050 335 2095 noverint3
358 2052 515 2102 practice
546 2059 668 2095 tamen
692 2057 924 2099 considerare
954 2061 1167 2108 noluerunt,
1196 2066 1296 2116 quod

31 2118 111 2145 non
137 2107 254 2148 solum
282 2112 344 2164 qui
377 2111 513 2152 seelera
545 2123 759 2156 enumerata
780 2126 1017 2171 perpetrant,
1047 2129 1165 2162 morte
1193 2124 1294 2181 digni

30 2168 351 2215 sunt3sedetiam
374 2168 443 2225 qui·
461 2186 506 2213 ea
533 2175 760 2218 dissimulant
781 2187 826 2220 et⁴
840 2183 1078 2234 approbant,
1095 2190 1131 2224 et
1155 2182 1298 2226 conse·-

34 2238 190 2282 quenter
205 2234 305 2286 quod
328 2241 370 2275 et·
386 2238 456 2289 ipsi
478 2237 687 2294 philosophi
702 2242 811 2294 ‘digni
829 2252 915 2285 sunt
938 2255 1058 2287 morte
1077 2248 1093 2298 (
1113 2251 1180 2289 etsi
1199 2249 1298 2292 sorte

30 2293 184 2343 quidam·
195 2308 328 2338 eornm
345 2298 427 2341 hac
445 2304 569 2343 omnia
584 2317 662 2345 non
676 2304 890 2360 fecissento,
915 2313 1000 2359 quia
1024 2313 1180 2366 populus
1207 2344 1220 2367 ,
1235 2316 1324 2369 ipa-⁷
