1410 2554
342 83 522 115 πωπω(
547 84 776 117 exposrrro.
807 69 904 124 Cap.
932 69 1006 112 lx.
1222 73 1307 129 ²49

102 139 238 186 Adoro
253 149 287 184 te
303 170 316 193 ‚
351 139 455 185 Deus
481 138 607 185 bonel
628 144 731 187 Deus
774 144 894 197 justet
925 141 1032 183 Deus
1058 141 1202 183 infinite
1238 156 1306 184 sa-

47 205 151 256 piens
166 205 175 245 !
194 210 230 245 at
246 198 360 245 Deus
372 219 519 259 semper
533 209 739 249 misericors
753 209 762 248 i
1190 220 1193 223 ·

105 267 202 320 Quia
223 271 371 320 bonus,
401 274 555 312 sustines
590 286 672 312 curn
702 272 874 325 patientia
895 286 905 310 ε
929 272 1011 325 quia
1036 270 1173 320 justus,
1198 272 1307 323 punis

51 333 203 375 tandem
217 348 309 386 quos
328 335 471 375 indurat
486 334 594 388 longa
615 337 785 387 patientia
803 349 811 373 :
828 342 862 375 at
891 336 974 387 quia
989 346 1136 386 semper
1154 335 1305 374 miseri-

49 404 155 446 cors,
183 397 292 436 etiarn
327 397 366 436 in
402 397 591 449 punitione
622 398 829 444 misereris;
863 403 1094 450 peccatorum
1126 395 1299 448 quidem,

51 471 145 510 quos
164 458 251 497 citra
278 457 500 510 condignum
517 461 648 512 punis;
682 459 834 501 aliorum
858 462 972 510 vero,
998 472 1090 511 quos
1112 458 1170 500 tali
1187 460 1304 512 puni-

48 520 150 560 tione
187 522 334 562 instruis
360 527 396 562 et
433 524 629 562 convertis.
646 518 714 563 Da
730 521 821 562 milii
839 551 850 571 ‚
874 518 1038 561 Domine
1056 519 1182 570 Deus,
1202 527 1239 561 te
1263 522 1304 561 in

49 585 224 624 omnibus
243 585 412 627 adorare!
433 585 479 626 da
494 585 586 627 mihi
600 593 637 626 et
652 593 724 627 tuae
738 587 883 636 justitiae
898 591 935 625 et
957 592 1025 626 tuae
1042 584 1304 626 misericordiae

50 649 222 700 operibus
237 679 248 700 ‚
270 649 316 688 ad
334 650 485 690 salutem
509 664 629 690 meam
644 681 656 701 ,
689 657 725 690 et
752 650 798 690 ad
825 649 975 702 gloriam
998 656 1096 690 tuam
1115 653 1214 690 recte
1231 650 1299 689 uti.

103 702 149 751 Ϋ.
170 710 236 758 24.
260 709 364 762 Quos
389 718 426 750 et
449 715 598 753 vocavit
627 727 752 754 ποι-..η
785 709 957 766 Explicat
984 709 1184 765 Apostolus
1212 711 1301 766 quid

51 769 227 823 intelligat
255 785 322 824 per
342 786 428 813 vasa
457 773 738 823 misericordiae,
760 788 850 823 nos,
884 771 1021 814 scilicet
1048 769 1300 822 Christianos,

49 839 139 876 quos
152 827 281 878 partim
293 840 341 866 ex
357 825 512 878 Judaeis,
535 829 662 882 partim
680 841 727 868 ex
748 824 931 868 Gentibus
947 827 1096 867 vocavit
1112 824 1240 877 Deus,
1261 825 1302 868 id

49 891 126 934 est,
147 899 277 927 omnes
297 885 534 929 Christianos.
559 886 647 930 Non
670 902 758 940 ergo
774 888 891 928 solum
906 887 952 927 ad
969 887 1118 940 gloriam
1136 885 1303 941 praedes-

47 948 198 1010 ¹tinatos.
229 946 331 998 Quot
349 951 448 990 enim
476 950 522 991 ad
555 947 873 990 Christianismum
890 951 1008 990 vocati
1029 955 1140 999 sunt,
1168 949 1229 1000 qni
1254 948 1303 988 ad

45 1010 197 1064 gloriam
211 1027 288 1054 non
310 1021 393 1055 sunt
409 1007 650 1068 praedestinati
668 1017 677 1056 l
699 1013 737 1056 Si
756 1022 879 1057 autem
905 1017 1025 1056 omnis
1042 1012 1266 1056 Christianus
1283 1044 1298 1066 ‚

49 1085 114 1112 vas
143 1074 404 1116 misericordiae
424 1091 432 1115 τ
453 1091 540 1130 ergo
562 1079 682 1118 omnis
706 1092 782 1118 non
803 1072 1033 1118 Christianus
1050 1107 1062 1129 ‚
1086 1090 1151 1117 vas
1171 1078 1245 1118 irae.

103 1131 200 1174 Haec
229 1149 314 1176 vasa
339 1139 597 1180 misericordiae
611 1146 695 1180 sunt
710 1140 839 1181 eadem
868 1154 951 1192 quae
972 1140 1065 1180 dicta
1085 1145 1171 1179 sunt
1200 1151 1300 1180 vasa

46 1196 87 1235 in
107 1195 282 1237 honorem
295 1213 309 1237 .-
329 1212 414 1239 vasa
435 1206 555 1241 autem
571 1202 636 1241 irae
658 1208 742 1243 sunt
759 1201 889 1243 eadem
920 1215 962 1241 ac
986 1215 1081 1240 vasa
1098 1201 1138 1239 r'n
1159 1207 1301 1240 coneu-

43 1255 213 1298 melium.

101 1317 161 1371 y.
190 1320 257 1361 25.
285 1322 391 1363 Sicut
418 1324 458 1362 in
484 1323 578 1364 Osee
606 1324 698 1364 dicit
716 1339 729 1362 .·
753 1325 948 1366 Vocabo...
985 1322 1031 1365 ln
1052 1321 1190 1366 Graeco
1222 1337 1300 1365 non

45 1385 128 1429 est,
146 1377 443 1423 'misericordiam
466 1398 542 1425 non
563 1393 817 1438 consecutam,
847 1385 1133 1427 misericordiam
1160 1397 1302 1425 conse-

42 1449 179 1482 mitam.

100 1503 242 1548 Probat
263 1522 313 1549 ex
334 1506 436 1549 Osea
450 1539 461 1558 ‚
499 1507 666 1552 Gentiles
683 1510 761 1552 sore
781 1512 970 1552 vocandos
991 1513 1029 1551 in
1059 1507 1270 1558 Ecclesiam
1288 1526 1300 1551 z

46 1567 191 1606 vocabo
224 1563 367 1607 Gentes
404 1567 610 1610 idololatras
640 1571 685 1610 ad
715 1571 827 1612 fidem
862 1586 983 1613 meam
1001 1590 1011 1620 ;
1044 1578 1081 1612 et
1114 1585 1194 1624 quae
1223 1585 1302 1613 non

44 1635 150 1669 erant
176 1628 280 1680 plebs
307 1642 389 1670 mea
403 1660 414 1680 ,
436 1634 519 1670 curn
542 1631 675 1673 suerint
694 1634 741 1673 ad
766 1647 826 1674 me
843 1647 1053 1680 conversae‚
1079 1632 1225 1672 vocabo
1238 1645 1302 1674 eas

43 1692 191 1748 plebem
209 1708 350 1746 meam,
369 1694 538 1737 dilectam
559 1703 595 1738 et
611 1692 900 1740 misericordiam
918 1703 1164 1739 consecutam.

102 1751 156 1804 Ϋ.
179 1753 243 1796 36.
266 1756 317 1795 Et
343 1759 412 1796 erit
442 1760 480 1797 ιή
503 1759 583 1797 loco
611 1760 677 1798 uhi
697 1759 838 1799 dictum
860 1767 916 1799 est
935 1761 1039 1800 e1's....
1073 1761 1111 1799 in
1133 1755 1298 1808 Graecia,

47 1829 146 1869 v.g.‚
163 1816 313 1858 initalia
324 1848 336 1869 ‚
351 1821 388 1860 in
397 1817 526 1870 Gallia,
545 1823 767 1863 etc.ubidici
778 1829 937 1875 poterat,
954 1837 1036 1874 vos,
1051 1836 1125 1861 non
1138 1821 1301 1874 populus

45 1893 150 1919 meus
161 1893 181 1928 ,·
210 1880 372 1930 ibidem,
393 1889 584 1936 postquam
604 1883 734 1927 suerint
758 1885 805 1926 ad
821 1885 936 1927 fidem
955 1886 1148 1934 conversi,
1169 1884 1299 1926 dieen-

45 1946 103 1980 tur
102 1941 192 1993 filii
207 1942 279 1981 Dei
295 1943 380 1982 νίνί.

99 1999 200 2043 Nota
232 2016 315 2043 cum
351 2001 615 2056 Theodoreto‚
652 2007 751 2061 qubd
779 2007 863 2049 haec
891 2010 1098 2050 testimonia
1126 2022 1175 2049 ex
1200 2005 1305 2048 Osea

49 2078 86 2106 ι.
98 2065 116 2090 ⁰
132 2071 169 2106 et
194 2081 234 2108 2.
253 2071 271 2091 ⁰
289 2081 368 2121 cap.
387 2068 578 2124 desumpta
594 2102 604 2121 ,
624 2071 671 2113 de
687 2070 823 2114 Judaeis
846 2074 994 2128 quidem
1011 2075 1048 2113 in
1076 2086 1188 2113 sensu
1206 2072 1305 2113 litte·

44 2124 110 2166 rali
129 2126 222 2167 dicta
240 2135 323 2169 sunt
343 2145 352 2169 ε
372 2145 436 2184 per
452 2131 533 2173 haec
561 2136 661 2176 enim
678 2135 845 2189 praedixit
864 2134 985 2178 Oseas
997 2166 1008 2186 ‚
1031 2137 1130 2191 quod
1145 2135 1304 2178 futurum

47 2194 123 2229 erat
138 2188 228 2237 illis;
251 2204 386 2247 nempe
402 2198 484 2234 cum
498 2224 510 2245 ‚
531 2195 661 2238 decem
678 2199 843 2239 tribubus
873 2213 940 2254 per
960 2197 1138 2255 Assyrios
1157 2199 1306 2241 abduc-

46 2251 119 2301 tis,
157 2265 234 2292 non
253 2262 375 2296 essent
407 2258 559 2310 amplius
588 2260 742 2314 populus
761 2259 858 2303 Dei:
877 2262 1013 2303 deinde
1043 2266 1151 2312 cum,
1180 2264 1305 2316 paucis

47 2315 266 2368 quibusdam
282 2320 321 2359 in
337 2322 487 2374 patriam
506 2323 675 2366 redituris
690 2354 702 2377 ‚
726 2339 867 2366 rursum
893 2324 1014 2368 forent
1035 2325 1188 2380 populus
1203 2323 1301 2373 θεὶς
