1410 2554
347 49 523 80 'rnrptux
557 49 794 82 ΕΧΡοειτιο.
824 37 920 91 Cup.
954 37 1052 81 XV.
1224 41 1307 86 385

43 117 166 159 minus
182 126 251 155 nos
268 124 399 152 omnes
419 110 604 164 suscepit,
622 111 694 151 sibi
712 109 877 162 adiunxit
888 139 903 159 ‚
927 125 968 152 ac
989 112 1143 153 sociavit
1158 112 1206 154 ad
1234 110 1311 155 Dei

43 176 194 230 &oriam
212 186 338 215 secum
358 164 661 225 participandam.

101 235 157 289 3⁵.
177 238 215 279 8.
245 237 345 277 Dico
366 235 465 274 enim
501 233 691 274 Christum
724 232 855 274 Jesum
883 231 1240 276 ministrum-..hoc
1272 241 1311 275 et

47 299 286 353 sequentibus
304 296 471 336 versibus
505 294 665 348 explicat
698 294 886 349 quomodo
915 291 1083 335 Christus
1117 302 1313 351 utrumque

48 363 248 419 populum,
273 357 447 400 Judaeurn
468 364 505 398 et
524 354 714 398 Gentilem
735 360 918 412 suscepit:
937 356 1113 400 Judaeum
1136 360 1311 414 quidem,

47 434 89 468 ut
109 425 373 480 promissiones
403 422 566 474 patribus
583 420 696 462 saetas
728 422 921 474 ilmplcret3
945 419 1134 463 Gentilem
1154 426 1245 464 vero
1261 437 1310 465 ex

47 489 124 530 sola
144 479 416 534 misericordia,
437 484 521 524 licet
539 483 578 525 id
594 498 659 539 per
671 484 876 538 prophetas
898 483 1005 526 suerit
1023 485 1255 538 praedictum.

104 550 220 593 Simul
238 551 395 602 assignat
428 553 465 587 ct
494 545 600 588 affert
629 549 794 588 rationes
825 554 862 588 et
890 549 1030 588 motiva
1061 555 1234 602 utrosque
1263 550 1312 590 ad

47 622 214 659 mutuam
235 612 469 656 concordiam
486 610 716 660 inducentia3
739 609 896 652 Gentilis
910 625 958 652 ne
972 620 1119 665 spernat
1131 611 1284 655 Judaeos
1295 644 1307 666 ‚

4 688 7 689 ⁷
51 684 182 737 quibus
202 684 280 735 ipse
304 676 471 719 Christus
487 674 731 730 Evangelium
747 708 758 728 ,
776 680 970 719 veritatem
988 676 1062 719 Dei
1079 679 1310 732 praedioevit3

47 746 204 790 Judaeus
223 760 272 787 ne
292 745 383 786 ferat
414 746 509 796 aegre
529 740 713 795 Gentiles,
746 744 794 784 de
822 745 954 799 quibus
972 746 1207 787 vaticinatum
1222 745 1307 797 suit,

49 809 150 865 quod
167 811 206 850 in
215 808 294 850 Dei
312 806 488 861 populum
503 814 786 848 assumerentur.

105 871 157 914 Ut
176 887 263 925 ergo
286 872 383 913 tollat
403 866 604 922 Apostolus
621 870 870 912 dissensiones
881 874 976 912 inter
991 870 1144 912 Judaeos
1155 880 1190 914 et
1205 870 1311 914 Gen-

49 934 129 976 tiles
146 942 264 979 ortas;
289 940 324 974 et
343 946 392 973 ne
411 931 470 971 alii
490 931 664 972 adversus
679 933 767 973 alios
779 935 978 986 insurgant,
998 936 1157 976 ostendit
1173 943 1312 979 utrum-

49 1010 120 1049 que
132 996 304 1049 populum
322 1002 358 1036 et
381 996 401 1033 a
422 990 506 1033 Deo
530 993 728 1047 privilegiis
753 994 926 1036 affectum
952 1003 988 1038 et
1008 999 1028 1037 a
1048 993 1206 1040 Christo
1225 1013 1313 1041 sus-

49 1065 212 1112 ceptum.

105 1121 205 1166 ,Dico
238 1122 336 1159 cm'm
367 1118 501 1158 „Iesum
536 1119 763 1162 Christum..
778 1151 787 1160 .
801 1150 810 1160 .
829 1116 1050 1162 Judaeorum
1071 1128 1311 1178 praerogativa

47 1180 129 1223 haee
159 1189 240 1230 est,
276 1179 375 1233 quud
403 1176 569 1220 Christus
600 1194 646 1219 ex
679 1183 730 1220 eis
767 1188 885 1232 natus,
920 1196 985 1223 eos
1013 1184 1162 1235 docuit,
1186 1189 1313 1241 eisque

47 1245 298 1301 Evangeliurn
328 1247 556 1285 ministravit.
594 1243 711 1299 quue
743 1255 892 1298 propter
923 1251 1119 1290 veritatem
1150 1250 1252 1300 Dei‚·
1273 1253 1312 1294 id

49 1316 132 1360 est,
151 1316 190 1349 ut
210 1307 422 1348 ostenderet
441 1305 563 1347 Deum
585 1321 666 1348 esse
682 1322 852 1350 veracem
868 1312 906 1350 in
927 1314 1117 1363 promissis
1144 1310 1310 1356 Abrahae

46 1374 165 1416 factis.
191 1371 319 1425 Itaque
337 1373 506 1412 minister
533 1374 843 1424 circumcisionis,
878 1375 978 1416 idern
1006 1383 1061 1417 est
1085 1390 1127 1417 ac
1157 1378 1309 1431 doctor,

51 1440 273 1494 praedicator
289 1436 313 1478 J
318 1438 502 1478 udaeorurn
520 1469 531 1490 ,
554 1435 754 1492 Apostolus
773 1454 899 1481 eorum
915 1471 927 1491 ‚
950 1449 986 1483 et
1009 1439 1257 1495 Evangelista.

106 1503 162 1558 JV.
176 1518 216 1559 9.
229 1503 364 1544 Gentes
375 1511 499 1544 autem
512 1517 621 1556 super·
631 1505 885 1546 misericordia
901 1507 1097 1550 honorare.
1113 1506 1182 1551 Gr.
1195 1511 1310 1564 glori-

50 1571 175 1619 ficare,
195 1577 268 1610 etc.

108 1627 285 1671 Gentium
304 1629 555 1682 privilegium,
568 1642 631 1670 seu
647 1634 760 1682 gratia
778 1638 854 1680 est,
875 1632 972 1686 quod
986 1647 1032 1673 ex
1044 1636 1310 1688 misericordia,

49 1692 71 1731 a
101 1687 300 1742 Prophetis
337 1689 505 1741 praedicta
526 1719 536 1738 ,
562 1697 646 1730 sunt
683 1698 890 1744 assumptae.
924 1689 1021 1733 Dico
1050 1701 1176 1734 autem
1212 1699 1313 1749 quod

55 1756 206 1804 Gentes,
228 1756 358 1807 quibus
377 1754 473 1794 nulla
486 1753 577 1794 facta
593 1754 658 1796 suit
676 1759 895 1808 promissio,
917 1757 1055 1798 debent
1078 1757 1202 1800 Deum
1224 1762 1313 1814 glo-

51 1819 222 1868 rificare,
254 1833 322 1872 pro
346 1818 596 1860 misericordia
615 1820 683 1860 sibi
715 1823 894 1873 praestita;
926 1821 1023 1862 sicut
1051 1825 1232 1876 scriptum
1260 1836 1314 1869 est

54 1878 122 1922 Ps.
147 1896 209 1933 17.
231 1879 298 1921 50.

108 1942 310 1995 Propterea
335 1942 540 1994 confitebor
567 1943 733 1984 tib1'....id
751 1951 830 1995 est,
860 1949 1014 1996 propter
1043 1942 1221 1988 Gentium
1238 1963 1315 1991 vo·-

51 2012 234 2051 cntionem
248 2036 260 2055 ‚
291 2021 429 2049 nornen
465 2014 567 2048 tuum
599 2004 699 2049 inter
739 2006 883 2050 Gentes
920 2010 1128 2053 celebrabo.
1163 2010 1314 2069 Ubique

52 2071 300 2115 misericordia
331 2073 506 2125 quidem
534 2079 571 2112 at
606 2071 742 2114 Judaeis
777 2075 954 2127 promissa
968 2103 981 2126 ‚
1019 2071 1204 2117 Gentibus
1238 2093 1315 2121 non

54 2138 260 2188 promissa;
286 2135 353 2176 sed
372 2138 392 2176 a
408 2133 610 2188 Prophetis
624 2135 810 2187 praedicta.

111 2191 156 2240 Ῠ.
190 2213 252 2240 ιο.
282 2198 332 2238 Ει
348 2200 481 2238 iterum
497 2199 602 2239 dicit.
619 2196 806 2251 Scriptura
823 2196 978 2239 Denter.
1001 2197 1067 2239 32.
1082 2199 1120 2248 4.
1139 2199 1179 2241 3.

109 2255 157 2305 ff.
191 2278 206 2304 ι
220 2277 255 2304 ι.
286 2263 337 2303 Et
347 2264 495 2303 iterum.
513 2260 614 2304 Psal.
637 2275 650 2301 ι
664 2261 726 2304 ι6.
742 2263 915 2303 Laudato
931 2263 1190 2306 Dominum...

110 2323 155 2371 Ϊ.
190 2344 254 2372 12.
284 2329 334 2370 Et
360 2343 486 2370 rursus
515 2329 646 2370 Isaras
664 2330 735 2370 ait.
760 2343 896 2371 ωηο.
927 2326 1001 2370 His
1030 2335 1183 2383 quatuor
1210 2334 1317 2376 testi-

225 2399 243 2428 1
1106 2400 1154 2440 ι7
