1410 2554
290 57 521 98 omnisque
551 58 678 88 nuto
706 58 760 88 ET
788 57 979 88 occasio.
1201 61 1257 90 xv
1279 53 1298 76 2

0 0 420 183 IssetAnalysis,
452 131 539 164 seu
569 114 810 164 resolutio
846 115 1020 180 capitis
1046 115 1108 163 -in
1146 132 1260 165 suas
1295 146 1297 149 .

8 192 14 205 '
35 206 189 259 artes,
214 213 391 246 earum
420 193 651 244 ordinem
677 204 734 243 et.
753 195 1119 243 connexionem
1141 196 1261 244 sim-
1290 226 1293 230 -

31 277 194 336 liciter
229 275 516 338 declarans3
559 292 662 324 non
698 274 820 324 vero
859 274 1260 326 Commentarius

52 370 149 421 ret,
174 368 261 408 aut
279 357 400 423 quid
421 357 777 406 Commentarii
800 357 964 405 vicem
980 365 1173 406 tenens,

0 473 12 482 .,
65 441 126 490 In
144 438 443 504 Paraphrasi
460 435 678 486 texenda
696 437 853 485 vitavi
874 454 935 485 ne
953 435 1098 502 plura
1117 437 1259 487 dice-

0 520 106 579 rem
137 522 286 587 quam
315 520 606 585 cogitaverit
642 517 913 584 Apostolus
925 538 938 580 3
972 519 1092 568 hinc
1126 518 1260 568 illius

4 589 7 597 ¹
51 613 219 653 entem
239 602 463 651 breviter
486 610 536 649 et
551 599 684 649 clare
706 599 907 665 aperui,
947 600 1102 663 ipsius
1127 601 1260 666 Apo·

25 685 115 736 toli
137 683 325 744 verbis,
349 691 435 731 aut
447 680 621 730 saltem
639 678 1071 744 aequivalentibus,
1088 683 1260 746 paucis

26 763 270 830 liquando
279 763 476 812 tantum
489 760 669 811 additis
686 797 699 821 ,
718 759 783 810 ad
795 760 1070 825 pleniorem
1081 765 1261 812 mentis

37 845 132 894 lius
151 844 530 909 intelligentiam
551 843 861 890 necessariis.

60 927 120 974 In
143 924 513 974 Commentario
540 919 729 968 attendi
755 936 816 968 ne
846 920 982 968 tricis
1011 939 1259 987 gramma-

8 991 257 1066 ibalibus,
279 1017 364 1053 aut
389 1002 748 1069 quaestionibus
774 1005 910 1051 mere
929 1004 1136 1053 curiosis
1161 1010 1262 1056 ani-

55 1107 112 1138 us
145 1087 444 1146 distractus,
478 1087 844 1147 exsiccaretur3
885 1086 1003 1132 hinc
1042 1104 1123 1135 cas
1160 1106 1261 1137 non

38 1165 411 1228 itavi'tantum,
449 1166 536 1215 sed
581 1176 630 1213 et
665 1166 850 1230 ubique
885 1166 1261 1218 observationes

39 1254 133 1313 'as,
154 1250 364 1300 morales
384 1258 432 1297 et
455 1249 690 1297 asceticas
707 1250 883 1296 miscui
901 1285 914 1308 ,
949 1267 1064 1297 cum
1087 1253 1259 1315 praxi-

41 1350 99 1382 us
137 1330 446 1389 christianis,
489 1347 599 1394 quae
643 1331 879 1395 pietatem
904 1330 1259 1394 accenderent,

0 1406 242 1482 §agerent
258 1424 307 1462 et
330 1414 600 1461 nutrirent.

5 1494 22 1534 ἶ
65 1497 149 1545 An
184 1513 439 1544 successus
471 1494 719 1542 voluntati
748 1494 1073 1559 respondeat,
1111 1516 1263 1563 penes

33 1577 260 1626 ruditum
276 1577 514 1625 lectorem
533 1576 596 1623 sit
610 1573 889 1638 judicium-3
912 1576 963 1622 in
992 1576 1088 1624 hoc
1113 1580 1262 1628 etiam

24 1719 25 1723 Ἰ
55 1657 299 1716 udabilis,
325 1665 540 1723 utputo,
572 1664 804 1714 conatus,
838 1658 921 1719 qui
955 1656 1263 1710 sou-san-aliis

37 1754 178 1786 nsam
194 1735 333 1786 dabit
350 1735 543 1784 felicius
566 1734 848 1783 laborandi.

21 1826 26 1843 ·‘
68 1818 138 1865 At
165 1817 386 1881 inquies,
414 1815 508 1863 haic
527 1815 735 1880 Triplici
758 1816 1079 1882 Expositione
1096 1856 1109 1880 ,
1131 1820 1186 1870 fit
1214 1835 1266 1874 et

0 1899 189 1964 triplex
208 1898 429 1964 ejusdem
447 1899 519 1946 rei
540 1900 787 1963 repetitio.

18 1989 24 1997 ’
69 1978 250 2028 Fateor
264 2015 276 2039 ‚
294 1978 378 2028 sed
393 1996 704 2044 unaquaeque
724 1979 1056 2032 diversimoda
1075 2021 1087 2043 ,
1111 1984 1266 2035 altera

23 2055 153 2129 ‘lteri
188 2058 558 2124 superaddens,
595 2061 764 2124 sicque
798 2061 934 2109 nulla
978 2064 1265 2130 superflua3

24 2205 26 2210 Β
82 2141 113 2190 ὸ
129 2141 192 2191 ad
206 2142 404 2208 plenam
425 2143 588 2193 textus
605 2144 980 2210 intelligentiam
995 2183 1008 2208 ,
1035 2165 1270 2214 unaquae·

0 2231 18 2297 ξ.
83 2239 110 2271 e
128 2221 261 2271 utilis
280 2233 330 2271 et
348 2241 439 2273 suo
455 2221 606 2272 modo
623 2224 919 2272 necessaria.

81 2304 163 2354 Sic
191 2306 571 2375 crepusculum,
603 2324 784 2358 aurora
820 2315 871 2355 et
914 2307 1144 2358 meridies
1176 2306 1275 2358 sibi
