1410 2554
75 56 103 99 8
435 59 642 93 ters’rotffi
671 64 730 93 -Αυ
761 64 960 97 nommos

117 117 200 160 ⁴26.
219 115 454 173 Propterea
477 118 650 163 tradidit
669 118 767 165 illos
783 122 897 167 Deus
914 121 960 167 in
983 121 1204 178 passiones
1228 121 1351 181 igno·

76 185 240 233 miniaei
259 188 377 234 Nam
404 189 572 236 feminae
596 207 746 236 eorum
762 190 1096 238 immutaverunt
1114 192 1354 238 naturalem

31 252 38 255 i
81 251 234 316 usum,
251 258 296 304 in
317 277 417 305 eum
437 278 559 306 usum
582 261 655 318 qui
677 272 739 308 est
759 272 910 308 contra
931 272 1144 307 naturam.

144 389 209 428 27.
236 371 439 416 Similiter
459 381 601 417 autem
621 383 662 418 et
683 372 879 425 masculi,
901 372 1047 418 relicto
1067 373 1251 418 naturali
1273 390 1354 420 usu

84 439 258 486 feminae
288 475 300 494 ,
342 452 587 486 exarserunt
635 442 680 487 in
711 442 930 488 desideriis
964 444 1050 489 suis
1086 444 1130 488 in
1167 443 1356 490 invicem

87 512 269 557 masculi
290 512 334 557 in
355 514 567 560 masculos
589 514 894 571 turpitudinem
911 526 1152 572 operantes,
1178 527 1219 562 et
1237 534 1359 562 mer-

84 584 251 639 cedem,
271 602 400 641 quam
418 586 634 642 oportuit,
659 587 816 632 erroris
836 588 928 642 sui,
951 588 996 632 in
1013 597 1149 633 semet
1167 587 1268 643 ipsis
1287 605 1359 633 re-

86 655 309 712 cipientes.

144 762 210 804 28.
226 758 280 802 Et
296 759 405 804 sicut
420 775 510 803 non
524 759 811 815 probaverunt
830 763 971 805 Deum
994 759 1152 805 habere
1171 760 1216 804 in
1236 761 1356 807 noti-

88 827 170 873 tia:
194 829 368 874 tradidit
388 829 486 874 illos
515 832 629 875 Deus
658 837 700 874 in
730 830 966 887 reprobum
1001 847 1174 876 sensum
1193 866 1206 886 ,
1227 843 1274 877 ut
1291 834 1360 878 sa-

91 897 205 945 ciant
221 916 270 944 ea
288 917 382 955 quae
397 916 485 945 non
502 899 762 945 conveniunt
780 935 794 956 ,

152 1068 442 1128 29.Rep1etos
463 1068 584 1113 omni
604 1067 841 1124 iniquitate,
861 1067 1041 1120 malitia,
1061 1066 1366 1123 fornicatione,

96 1137 298 1191 avaritia,
330 1137 517 1195 nequitia
534 1173 545 1193 ,
581 1138 730 1195 plenos
753 1137 938 1194 invidia,
966 1135 1223 1193 homicidio,
1241 1154 1361 1191 con-⁸

96 1209 289 1256 tentione
303 1244 315 1264 ,
329 1208 429 1255 dolo
440 1243 450 1263 ‚
473 1209 735 1268 malignitate
746 1244 758 1264 ,
777 1224 1045 1262 susurrones,

149 1271 225 1326 ⁸30.
247 1283 537 1337 Detractores,
566 1284 654 1325 Deo
678 1279 880 1334 odibiles,
904 1278 1264 1332 contumeliosos,
1286 1293 1364 1322 su·-

98 1352 257 1408 perbos
270 1387 281 1406 ,
301 1351 435 1397 elatos
450 1385 462 1407 ,
479 1350 722 1396 inventor*
745 1350 982 1404 malorum,
1007 1346 1259 1404 parentibus
1279 1361 1370 1391 non

101 1423 368 1478 obedientes,

158 1499 206 1540 31
216 1530 226 1538 .
245 1493 516 1550 Insipientes‚
527 1492 845 1549 incompositos,
862 1489 954 1536 sine
965 1485 1373 1542 affectione,absque

104 1566 284 1620 foedere,
299 1565 388 1611 sine
400 1563 708 1610 misericordia.

163 1641 231 1682 32.
257 1637 348 1694 Qui
369 1640 466 1682 cum
483 1635 690 1692 justitiam
706 1634 782 1680 Dei
801 1632 1124 1693 cognovissent,
1143 1647 1231 1675 non
1247 1628 1374 1674 intel-

107 1706 304 1753 lexerunt
319 1707 523 1763 quoniam
545 1706 617 1762 qui
639 1706 739 1751 talia
760 1715 915 1764 agunt,
949 1702 1066 1762 digni
1091 1711 1190 1747 sunt
1211 1710 1347 1746 morte
1361 1717 1374 1744 =

109 1787 155 1823 et
170 1795 259 1824 non
279 1778 416 1824 sotum
437 1777 507 1834 qui
525 1795 573 1823 ea
591 1778 767 1833 faciunt,
786 1777 860 1823 sed
876 1776 1004 1822 etiam
1018 1772 1091 1831 qui
1108 1772 1380 1819 consentiunt

112 1849 382 1916 facientibus.
