1410 2554
308 82 313 85 a
363 51 544 90 'rmum
554 43 900 112 mama
915 46 993 89 XI.
1213 42 1294 87 SR

464 211 466 213 ,
536 133 799 207 omuvnrso
1142 127 1146 132 ·

438 283 477 321 in
497 279 552 334 Υ.
578 279 644 320 25.
663 278 729 321 28.
749 277 813 319 50.
831 266 901 320 31}

94 389 230 438 Mirare
251 394 587 450 obstupescendum
603 388 678 436 Dei
698 394 895 445 judicium,
917 406 991 446 quo
1015 388 1180 433 decrevit
1203 405 1296 435 cun·

40 461 145 501 traria
156 473 223 513 per
233 461 409 500 contraria
420 459 598 513 perficere
609 475 620 507 ς
636 472 683 500 ex
698 456 912 499 Judaeorum
923 453 1171 496 incredulitate
1181 452 1297 495 fidem

117 525 211 565 tium·
240 524 395 566 eduxit:
417 531 455 564 et
475 526 513 565 in
533 524 610 564 fine
637 522 790 572 mundi,
823 522 987 574 gentium
1013 517 1089 560 fide
1113 526 1234 578 utetur
1246 519 1302 561 ad

67 585 254 626 udaeorum
270 585 559 626 incredulitatem
574 584 832 626 destruendam
847 593 857 616 ἕ
876 590 963 624 tunc
978 584 1077 623 enim
1094 578 1299 623 Gentilium

41 649 212 702 exempto
232 650 439 702 provocati,
456 647 546 689 fidei
567 648 773 688 doctrinam
791 647 1004 698 suscipient.

94 708 183 751 Hoc
211 707 409 762 Apostolus
428 715 536 749 vocat
554 710 796 762 mysterium,
824 721 888 747 seu
919 705 1084 747 mirabile
1100 718 1297 756 arcanum,

42 768 323 822 &stupendum
345 769 546 820 judicium,
561 768 614 821 Υ.
635 768 701 809 25.
723 774 760 808 et
776 766 864 808 illud
881 768 996 820 aperit
1011 765 1066 816 Υ.
1082 765 1151 806 30.
1168 764 1239 806 3¹10

95 829 263 872 Alterum
280 832 521 884 mysterium,
542 828 740 882 etquidem
760 828 952 875 bonitatis,
975 822 1028 875 Υ.
1044 825 1109 867 28.
1126 826 1176 866 ob
1193 838 1300 866 sanc-

38 898 98 933 tos
112 889 350 947 patriarchas,
371 887 516 937 Judaei,
536 887 619 929 licet
634 887 859 929 increduliet
873 886 1060 935 obdurati,
1078 882 1300 926 Deotamen

40 957 125 993 sunt
141 949 260 999 chari;
279 964 355 990 non
375 949 510 991 deserit
538 963 603 989 eos
633 949 778 1002 penitus
792 977 803 996 ,
825 947 891 987 sed
908 947 955 986 de
975 945 1118 986 illorum
1134 944 1247 985 salute
1262 944 1300 986 et

41 1012 285 1062 conversione
315 1010 430 1051 sutura
459 1013 592 1064 cogitat
612 1019 631 1045 ἓ*
646 1019 682 1053 et
711 1011 804 1050 sicut
831 1006 1052 1050 Judaeorum
1088 1006 1301 1047 infidelitate

37 1088 126 1115 usus
141 1080 198 1115 est
224 1073 270 1114 ad
294 1074 405 1115 fidem
433 1073 640 1115 Gentilibus
661 1073 840 1122 dandam,
864 1074 910 1112 ita
928 1071 1002 1112 fide
1028 1071 1205 1124 gentibus
1216 1068 1301 1110 data

39 1142 160 1178 utetur
178 1139 213 1176 in
230 1136 304 1176 fine
321 1136 473 1188 mundi,
495 1137 539 1176 ad
553 1135 773 1176 abolendam
796 1132 1011 1175 Judaeorum
1030 1133 1298 1181 infidelitatem,

40 1206 129 1240 tunc
146 1198 245 1238 enim
265 1201 347 1238 cum
365 1212 517 1250 magnus
542 1200 683 1238 venerit
700 1193 799 1237 Elias
814 1227 824 1246 ,
849 1197 935 1236 fidei
956 1195 1159 1236 doctrinam
1176 1196 1301 1235 susci-

40 1263 167 1314 pient,
186 1269 222 1302 et
239 1263 276 1302 in
295 1258 480 1302 Christum
498 1261 662 1301 credent.
681 1261 789 1299 Elias
802 1267 978 1300 venturus
991 1266 1063 1310 cst,
1084 1265 1122 1298 et
1134 1259 1301 1298 restituet

41 1326 185 1365 omnia.
202 1321 334 1364 matth.
357 1338 420 1376 17.

411 1453 670 1484 onsnnvnro
689 1452 910 1484 acuemus
926 1470 939 1491 ‚

301 1561 369 1602 Ad
382 1561 589 1602 doctrinam
612 1569 784 1614 spectans
801 1569 838 1601 et
850 1561 905 1601 ad
918 1575 1051 1600 mores.

99 1673 243 1719 Totam
263 1678 358 1719 hanc
373 1680 656 1733 disputationem
674 1683 791 1734 capite
806 1694 908 1721 nono
923 1686 1097 1734 coeptam,
1119 1678 1303 1720 concludit

44 1738 241 1795 Apostolus
264 1741 393 1783 eadem
421 1746 695 1796 propositione,
715 1758 822 1798 quam
845 1746 882 1784 in
905 1747 1024 1798 capite
1050 1746 1159 1784 tertio
1178 1739 1232 1791 Υ.
1256 1753 1298 1794 9.

46 1805 167 1858 posuit
189 1805 293 1856 quasi
308 1805 580 1846 conclusionem
607 1808 712 1858 primi
734 1813 770 1846 et
791 1806 944 1846 secundi
967 1808 1112 1859 capitis,
1130 1805 1303 1844 nimirum

47 1877 191 1915 omnes,
201 1873 237 1908 et
256 1865 461 1908 Jndaeoset
478 1865 629 1908 Graecos
638 1879 721 1908 esse
739 1868 807 1907 sub
816 1873 984 1919 peccato,
1003 1873 1039 1906 et
1052 1860 1099 1906 Ῠ.
1116 1865 1181 1906 23.
1194 1876 1303 1916 egere

47 1927 160 1981 gratia
175 1928 262 1971 Dei.
341 1981 348 1986 ⁴

95 1989 164 2032 ‘Sic
185 1993 223 2031 in
244 1992 317 2032 fine
341 1991 446 2045 hujus
465 1994 588 2045 capitis
613 1989 666 2042 Υ.
691 1992 757 2033 32.
779 1991 975 2032 conclusit
999 1993 1101 2032 Deus
1114 1991 1244 2031 onmia
1264 1992 1303 2030 in

50 2051 290 2102 mfistlieate,
309 2060 350 2092 ut
368 2056 534 2094 omnium
555 2055 789 2102 misereatur,
810 2055 847 2095 id
865 2062 944 2102 est,
974 2062 1009 2096 et
1025 2062 1153 2108 gentes
1173 2059 1211 2094 et
1225 2049 1305 2093 Ju-

50 2116 152 2158 d'aeoe
164 2122 320 2160 convicit
337 2120 559 2160 infidelitatis
571 2150 582 2170 ,
602 2123 649 2162 ita
665 2127 703 2162 ut
723 2124 999 2163 excusationem
1019 2135 1098 2162 non
1117 2120 1303 2168 habeant;

49 2179 144 2219 sicut
158 2181 219 2232 qui
233 2183 423 2222 criminum
437 2190 520 2223 sunt
537 2186 695 2224 convicti
706 2215 717 2234 ,
733 2183 906 2237 effugium
920 2198 1000 2225 non
1019 2183 1159 2225 habent
1172 2213 1183 2230 ,
1197 2189 1308 2224 sunt-

50 2253 129 2294 que·
143 2244 249 2294 quas?
259 2243 378 2285 reatus
396 2247 451 2284 sui
479 2248 709 2286 convictione
727 2239 930 2287 constricti.

102 2303 167 2347 Sic
183 2315 304 2350 autern
334 2310 516 2352 concludit
538 2309 763 2366 Apostolus,
785 2319 823 2353 ut
843 2326 976 2353 omnes
991 2312 1037 2352 ad
1055 2324 1146 2366 quos
1161 2311 1309 2360 scribit,
