1410 2554
129 54 213 114 27⁶}
491 59 714 105 [μιῇ-ΜΕ
730 75 786 104 An
822 74 1023 106 nominos

180 133 284 175 Hinc
308 135 406 176 disce
425 137 543 188 primo
570 138 679 187 quom
698 133 1028 186 magnifaciendum
1045 137 1150 177 verbi
1175 136 1291 177 divini
1309 139 1388 178 mi-

123 197 335 242 nisterium,
356 197 376 234 ὲ
405 210 477 246 quo
506 196 644 248 pendet
673 195 799 235 mundi
829 195 934 235 salus.
963 193 1135 236 Secundo
1158 205 1292 250 quanto
1321 213 1386 240 re-

124 266 250 311 spectu
271 258 492 300 audiendum
510 255 583 300 Dei
602 260 783 309 verbum,
801 261 882 298 sive
911 262 931 298 ὲ
958 259 1128 311 praelatis,
1151 263 1231 302 sive
1260 263 1307 302 ab
1327 264 1387 302 ,eis

126 333 219 372 quos
240 322 386 360 mittunt
405 336 414 359 :
434 324 518 360 cum
541 319 642 360 Deus
659 323 739 372 ipse
767 321 875 359 nobis
902 334 966 372 per
989 334 1054 360 eos
1076 320 1240 372 loquatur
1254 349 1265 370 ‚
1289 329 1326 362 et
1347 324 1387 370 in

123 378 200 421 Dei
219 383 369 421 nomine
400 382 508 421 nobis
538 381 623 421 illud
657 383 887 421 annuntient.
925 378 1054 420 Tertio
1079 387 1215 433 quanto
1236 381 1385 433 studio,

125 441 330 494 quantssque
351 444 526 493 gravitate
545 441 835 482 annuntiandum
856 443 901 480 sit
919 440 1005 480 illud
1028 436 1183 480 verbum
1200 444 1220 480 ὸ
1247 441 1388 493 praedi-

125 507 329 554 caloribus,
351 509 413 559 qui
428 505 500 550 Dei
518 510 621 547 vices
637 514 767 560 gerunt
779 537 789 557 ,
804 508 990 558 ipsiusque
1007 509 1268 560 omnipotentis
1279 521 1387 548 man-

128 571 210 611 data
229 570 424 612 declarant.
1379 615 1382 618 ,

161 630 215 682 y.
239 632 301 672 15.
313 634 387 671 Sed
397 647 470 671 non
488 647 616 671 omnes
633 633 844 672 obediunt...
857 631 924 672 Gr.
943 631 1197 672 auscultarunt.
1215 630 1388 674 Occurrit

124 694 323 744 objectioni
342 709 350 732 :
372 688 413 732 Si
434 694 533 732 missi
557 699 663 740 sunt,
695 695 725 732 si
743 693 1051 745 praedicaverunt,
1077 696 1108 732 si
1134 701 1212 732 tam
1230 695 1392 746 speciosi

121 764 208 795 sunt
224 757 336 808 pedes
361 757 715 807 evangelizantium5
741 771 804 796 cur
833 760 920 808 ergo
944 771 1025 806 vnon
1053 771 1178 796 omnes
1212 757 1388 796 obediunt

124 821 331 872 Evangelio
345 822 368 861 Ρ

181 883 400 937 Respondet
421 885 460 925 id
488 884 703 936 praedictum
723 884 832 924 fuisse
859 882 1044 930 abisaia,
1069 889 1106 924 et
1135 883 1222 923 ideo
1251 885 1387 930 mirum

125 945 244 986 videri
275 959 352 984 non
381 945 519 985 debere
537 974 548 994 ‚
593 949 623 986 si
662 946 824 1000 plerique
859 948 932 986 suis
962 948 1060 986 vitiis
1101 952 1160 986 aut
1195 944 1389 988 Judaismo

125 1005 226 1047 affixi
246 1037 257 1057 ‚
283 1005 526 1059 Evangelium
558 1015 755 1088 respuant,
787 1009 836 1048 ob
860 1022 962 1048 suam
993 1009 1162 1048 duritiam
1190 1021 1267 1048 non
1301 1021 1390 1048 cre-

126 1068 227 1111 dant.

183 1132 295 1175 Isaias
311 1137 418 1187 igitur
435 1138 473 1175 in
493 1133 759 1189 Apostolorum
776 1151 932 1190 persona
942 1137 1110 1190 loquenS,
1124 1136 1234 1177 dicit·
1226 1154 1236 1177 a
1250 1138 1390 1178 Domi-

128 1210 174 1235 ne
188 1223 204 1243 ,
230 1197 311 1247 quis
330 1197 485 1235 credidit
516 1199 748 1238 sermonibus
767 1212 859 1249 quos
877 1201 898 1237 ὲ
915 1199 1022 1238 nobis
1047 1196 1273 1240 audierunt?
1288 1200 1392 1250 quasi

129 1258 268 1298 diceret
290 1274 298 1298 :
317 1257 436 1301 Valde
458 1262 577 1312 pauci.
601 1262 764 1300 Auditus·
778 1268 902 1299 nostro
923 1260 937 1299 ,Ι
960 1260 1122 1299 sermoni
1139 1261 1159 1298 ὲ
1182 1254 1293 1303 nobis
1316 1273 1390 1300 au-

130 1323 222 1364 dito.

187 1384 292 1426 Idem
307 1384 379 1427 Dei
397 1387 551 1427 verbum
570 1387 705 1427 emollit
720 1394 754 1427 et
773 1387 934 1436 indurat,
951 1389 1147 1428 sanctificat
1166 1395 1201 1428 et
1215 1388 1387 1435 damnat;

133 1450 225 1488 sicut
245 1447 345 1488 idem
366 1449 452 1489 solis
468 1448 564 1488 calor
584 1461 702 1488 ceram
726 1448 887 1497 emollit,
920 1447 1032 1488 lutum
1059 1447 1214 1488 indurat.
1233 1445 1387 1498 timont,

135 1507 302 1551 Domine
315 1540 326 1561 ‚
349 1524 411 1550 cor
428 1523 551 1550 meum
567 1526 575 1556 ς
595 1509 735 1561 adauge
751 1509 876 1550 fidem.

193 1571 248 1624 35.
273 1591 287 1615 1
299 1590 334 1628 7.
357 1577 455 1626 Ergo
464 1575 568 1627 fides
589 1590 638 1614 ex
657 1576 992 1623 011dicu‚0miitus
1014 1581 1138 1613 autem
1155 1588 1223 1625 per
1236 1574 1390 1615 verbum

125 1637 277 1677 Chrilslr
302 1635 369 1678 Gr.
388 1636 475 1678 Dei.
493 1636 574 1689 Syr.
591 1635 675 1677 Dei.
704 1654 706 1656 ’

176 1694 239 1737 Ex
257 1699 372 1737 citatis
387 1695 490 1737 lsaiae
508 1699 630 1738 verbis
646 1697 750 1737 insert
770 1697 889 1749 quod
881 1710 954 1747 jam
972 1661 1383 1750 dixerati.1l4.ficllem

123 1775 205 1804 esse
228 1776 276 1803 ex
298 1763 420 1803 auditu
450 1771 486 1805 et
508 1763 764 1816 praedieatione
799 1764 902 1803 verbi
924 1760 1083 1807 Christi
1106 1774 1172 1800 seu
1192 1757 1260 1800 Gr.
1283 1760 1390 1801 verbi

120 1823 192 1866 Dei
207 1855 218 1876 ‚
240 1825 332 1867 sacta
350 1840 413 1879 per
430 1825 636 1880 Apostolos
657 1831 678 1866 ἐι
696 1825 843 1867 Christo
861 1827 993 1873 missus
1011 1826 1110 1879 quasi
1138 1824 1299 1876 legatos,¹
1320 1837 1389 1873 seu

121 1893 263 1944 potius,
295 1906 342 1933 ex
365 1892 469 1932 dictis
504 1895 525 1932 ὲ
565 1892 722 1944 ss.14.
759 1892 893 1944 colligit
929 1891 1027 1943 quod
1064 1891 1157 1937 fides
1187 1903 1234 1931 ex
1263 1888 1388 1940 auditu

122 1963 300 1997 nascatur.
321 1956 487 2010 Intellige
511 1961 628 2011 primo
648 1961 683 1998 in
715 1958 855 1998 adultis.
887 1955 1058 1997 Secundo
1087 1954 1386 1997 occasionaliter-2:

123 2019 217 2061 fides
248 2024 347 2062 enim
373 2029 426 2062 est
448 2025 640 2075 gratuitum
658 2020 729 2064 Dei
750 2022 912 2072 donum,
945 2021 1044 2074 quod
1066 2023 1087 2060 ὲ
1104 2018 1197 2063 solo
1210 2017 1296 2059 Deo
1318 2019 1385 2059 in·-

124 2082 283 2126 sunditur
299 2087 444 2126 anirnae.
1015 2098 1018 2104 “

176 2143 417 2198 y.18.Sed
435 2147 545 2186 dico.-
567 2147 767 2200 Numquid
782 2162 856 2186 non
875 2146 1110 2194 audierunt...
1127 2140 1186 2183 Ex
1206 2142 1387 2202 principio

118 2210 288 2261 proxime
309 2210 427 2260 posito
451 2207 583 2256 insert,
618 2209 882 2249 inexmsabites
918 2219 997 2247 esse
1030 2202 1208 2250 Judoeos,
1233 2215 1279 2242 an
1308 2213 1386 2243 non

119 2272 332 2314 audierunt?
352 2285 397 2311 an
417 2271 532 2313 deruit
552 2237 619 2312 illis
633 2273 868 2325 praedicatio?
887 2272 962 2311 imo
979 2271 1067 2309 vero
1084 2269 1123 2307 in
1142 2277 1289 2307 omnem
1305 2273 1387 2309 tec-

121 2350 228 2384 mm,
251 2341 321 2376 etc.
1318 2375 1323 2382 ,
1355 2342 1383 2377 (ἑ
