<?xml version="1.0" encoding="UTF-8"?>
<!DOCTYPE html PUBLIC "-//W3C//DTD XHTML 1.0 Transitional//EN"
    "http://www.w3.org/TR/xhtml1/DTD/xhtml1-transitional.dtd">
<html xmlns="http://www.w3.org/1999/xhtml" xml:lang="en" lang="en">
 <head>
  <title>
</title>
<meta http-equiv="Content-Type" content="text/html;charset=utf-8" />
  <meta name='ocr-system' content='tesseract 3.04.00' />
  <meta name='ocr-capabilities' content='ocr_page ocr_carea ocr_par ocr_line ocrx_word'/>
</head>
<body>
  <div class='ocr_page' id='page_1' title='image "./epistolaumbpauli01picq_0062.png"; bbox 0 0 1410 2554; ppageno 0'>
   <div class='ocr_carea' id='block_1_1' title="bbox 93 41 1360 486">
    <p class='ocr_par' dir='ltr' id='par_1_1' title="bbox 99 41 986 107">
     <span class='ocr_line' id='line_1_1' title="bbox 99 41 986 107; baseline 0.011 -23"><span class='ocrx_word' id='word_1_1' title='bbox 99 41 152 85; x_wconf 69' lang='lat'><strong>18</strong></span> <span class='ocrx_word' id='word_1_2' title='bbox 449 60 666 100; x_wconf 63' lang='lat' dir='ltr'><strong>„epis-rom</strong></span> <span class='ocrx_word' id='word_1_3' title='bbox 695 62 986 107; x_wconf 12' lang='lat' dir='ltr'><strong>anxnoxsnos</strong></span> 
     </span>
    </p>

    <p class='ocr_par' dir='ltr' id='par_1_2' title="bbox 93 114 1360 427">
     <span class='ocr_line' id='line_1_2' title="bbox 150 114 1360 178; baseline 0.009 -19"><span class='ocrx_word' id='word_1_4' title='bbox 150 114 216 166; x_wconf 85' lang='lat' dir='ltr'><strong>Ex</strong></span> <span class='ocrx_word' id='word_1_5' title='bbox 237 132 335 162; x_wconf 76' lang='lat' dir='ltr'><strong>vers,</strong></span> <span class='ocrx_word' id='word_1_6' title='bbox 369 135 431 164; x_wconf 85' lang='lat' dir='ltr'><strong>u.</strong></span> <span class='ocrx_word' id='word_1_7' title='bbox 459 123 572 163; x_wconf 84' lang='lat' dir='ltr'><strong>discat</strong></span> <span class='ocrx_word' id='word_1_8' title='bbox 588 120 764 171; x_wconf 70' lang='lat' dir='ltr'><strong>praelatus</strong></span> <span class='ocrx_word' id='word_1_9' title='bbox 781 125 1032 178; x_wconf 69' lang='lat' dir='ltr'><strong>visitationum</strong></span> <span class='ocrx_word' id='word_1_10' title='bbox 1058 125 1360 178; x_wconf 50' lang='lat' dir='ltr'><strong>finemetmotiffl</strong></span> 
     </span>
     <span class='ocr_line' id='line_1_3' title="bbox 93 179 1357 236; baseline 0.01 -18"><span class='ocrx_word' id='word_1_11' title='bbox 93 190 185 222; x_wconf 78' lang='lat' dir='ltr'><strong>vum</strong></span> <span class='ocrx_word' id='word_1_12' title='bbox 205 197 215 228; x_wconf 90' lang='lat'>;</span> <span class='ocrx_word' id='word_1_13' title='bbox 241 187 284 220; x_wconf 79' lang='lat' dir='ltr'><strong>ut</strong></span> <span class='ocrx_word' id='word_1_14' title='bbox 299 181 444 235; x_wconf 79' lang='lat' dir='ltr'><strong>aliquid</strong></span> <span class='ocrx_word' id='word_1_15' title='bbox 459 185 657 235; x_wconf 78' lang='lat' dir='ltr'><strong>impertior</strong></span> <span class='ocrx_word' id='word_1_16' title='bbox 672 185 779 225; x_wconf 74' lang='lat' dir='ltr'><strong>vobiS</strong></span> <span class='ocrx_word' id='word_1_17' title='bbox 798 179 937 236; x_wconf 63' lang='grc' dir='ltr'><strong>ρῃνιίῐω4</strong></span> <span class='ocrx_word' id='word_1_18' title='bbox 948 184 1180 236; x_wconf 66' lang='lat' dir='ltr'><strong>spiritualis.</strong></span> <span class='ocrx_word' id='word_1_19' title='bbox 1194 185 1357 235; x_wconf 65' lang='lat' dir='ltr'><strong>‘Hicest</strong></span> 
     </span>
     <span class='ocr_line' id='line_1_4' title="bbox 94 247 1356 304; baseline 0.008 -19"><span class='ocrx_word' id='word_1_20' title='bbox 94 247 348 295; x_wconf 69' lang='lat' dir='ltr'><strong>visitationum</strong></span> <span class='ocrx_word' id='word_1_21' title='bbox 380 248 463 289; x_wconf 85' lang='lat' dir='ltr'><strong>finis</strong></span> <span class='ocrx_word' id='word_1_22' title='bbox 481 278 492 298; x_wconf 81' lang='lat'>‚</span> <span class='ocrx_word' id='word_1_23' title='bbox 519 251 671 301; x_wconf 79' lang='lat' dir='ltr'><strong>gratiam</strong></span> <span class='ocrx_word' id='word_1_24' title='bbox 697 250 922 303; x_wconf 78' lang='lat' dir='ltr'><strong>spiritualem</strong></span> <span class='ocrx_word' id='word_1_25' title='bbox 954 253 1149 304; x_wconf 66' lang='lat' dir='ltr'><strong>impertiri.</strong></span> <span class='ocrx_word' id='word_1_26' title='bbox 1178 250 1356 297; x_wconf 71' lang='lat' dir='ltr'><strong>visitator</strong></span> 
     </span>
     <span class='ocr_line' id='line_1_5' title="bbox 93 305 1357 366; baseline 0.004 -16"><span class='ocrx_word' id='word_1_27' title='bbox 93 314 153 350; x_wconf 75' lang='lat' dir='ltr'><strong>est</strong></span> <span class='ocrx_word' id='word_1_28' title='bbox 175 305 248 348; x_wconf 89' lang='lat' dir='ltr'><strong>Dei</strong></span> <span class='ocrx_word' id='word_1_29' title='bbox 273 307 530 350; x_wconf 81' lang='lat' dir='ltr'><strong>charismatum</strong></span> <span class='ocrx_word' id='word_1_30' title='bbox 555 317 718 364; x_wconf 88' lang='lat' dir='ltr'><strong>portator</strong></span> <span class='ocrx_word' id='word_1_31' title='bbox 741 318 779 352; x_wconf 79' lang='lat' dir='ltr'><strong>et</strong></span> <span class='ocrx_word' id='word_1_32' title='bbox 798 311 946 352; x_wconf 79' lang='lat' dir='ltr'><strong>collator</strong></span> <span class='ocrx_word' id='word_1_33' title='bbox 969 327 979 351; x_wconf 72' lang='grc' dir='ltr'><strong>ι</strong></span> <span class='ocrx_word' id='word_1_34' title='bbox 1000 313 1114 366; x_wconf 84' lang='lat' dir='ltr'><strong>ipsius</strong></span> <span class='ocrx_word' id='word_1_35' title='bbox 1140 327 1280 366; x_wconf 76' lang='lat' dir='ltr'><strong>munus</strong></span> <span class='ocrx_word' id='word_1_36' title='bbox 1298 323 1357 366; x_wconf 65' lang='lat' dir='ltr'><strong>est</strong></span> 
     </span>
     <span class='ocr_line' id='line_1_6' title="bbox 93 370 914 427; baseline 0.006 -18"><span class='ocrx_word' id='word_1_37' title='bbox 93 370 312 410; x_wconf 81' lang='lat' dir='ltr'><strong>confirmare</strong></span> <span class='ocrx_word' id='word_1_38' title='bbox 329 372 367 411; x_wconf 89' lang='lat' dir='ltr'><strong>in</strong></span> <span class='ocrx_word' id='word_1_39' title='bbox 389 371 463 412; x_wconf 81' lang='lat' dir='ltr'><strong>fide</strong></span> <span class='ocrx_word' id='word_1_40' title='bbox 483 379 520 413; x_wconf 87' lang='lat' dir='ltr'><strong>et</strong></span> <span class='ocrx_word' id='word_1_41' title='bbox 538 374 574 412; x_wconf 92' lang='lat' dir='ltr'><strong>in</strong></span> <span class='ocrx_word' id='word_1_42' title='bbox 599 373 709 413; x_wconf 88' lang='lat' dir='ltr'><strong>bonis</strong></span> <span class='ocrx_word' id='word_1_43' title='bbox 728 374 914 427; x_wconf 87' lang='lat' dir='ltr'><strong>operibus.</strong></span> 
     </span>
    </p>

    <p class='ocr_par' dir='ltr' id='par_1_3' title="bbox 152 429 1359 486">
     <span class='ocr_line' id='line_1_7' title="bbox 152 429 1359 486; baseline 0.007 -15"><span class='ocrx_word' id='word_1_44' title='bbox 152 429 255 472; x_wconf 77' lang='lat' dir='ltr'><strong>Hinc</strong></span> <span class='ocrx_word' id='word_1_45' title='bbox 285 439 407 472; x_wconf 89' lang='lat' dir='ltr'><strong>mutua</strong></span> <span class='ocrx_word' id='word_1_46' title='bbox 436 436 549 474; x_wconf 89' lang='lat' dir='ltr'><strong>oritur</strong></span> <span class='ocrx_word' id='word_1_47' title='bbox 565 434 784 486; x_wconf 84' lang='lat' dir='ltr'><strong>consolatio,</strong></span> <span class='ocrx_word' id='word_1_48' title='bbox 815 448 863 475; x_wconf 83' lang='lat' dir='ltr'><strong>ex</strong></span> <span class='ocrx_word' id='word_1_49' title='bbox 880 435 1068 476; x_wconf 85' lang='lat' dir='ltr'><strong>communi</strong></span> <span class='ocrx_word' id='word_1_50' title='bbox 1093 433 1170 476; x_wconf 82' lang='lat' dir='ltr'><strong>fide</strong></span> <span class='ocrx_word' id='word_1_51' title='bbox 1189 431 1359 486; x_wconf 58' lang='lat' dir='ltr'><strong>Pastoris</strong></span> 
     </span>
    </p>
   </div>
   <div class='ocr_carea' id='block_1_2' title="bbox 1393 0 1410 103">
    <p class='ocr_par' dir='ltr' id='par_1_4' title="bbox 1393 0 1410 103">
     <span class='ocr_line' id='line_1_8' title="bbox 1393 0 1410 54; baseline 0 0"><span class='ocrx_word' id='word_1_52' title='bbox 1393 0 1410 54; x_wconf 69' lang='lat'><strong>&#39;3</strong></span> 
     </span>
     <span class='ocr_line' id='line_1_9' title="bbox 1398 63 1410 103; baseline 0 0"><span class='ocrx_word' id='word_1_53' title='bbox 1398 63 1410 103; x_wconf 68' lang='grc' dir='ltr'>ῑ</span> 
     </span>
    </p>
   </div>
   <div class='ocr_carea' id='block_1_3' title="bbox 95 498 1410 555">
    <p class='ocr_par' dir='ltr' id='par_1_5' title="bbox 95 498 1410 555">
     <span class='ocr_line' id='line_1_10' title="bbox 95 498 1410 555; baseline 0.006 -17"><span class='ocrx_word' id='word_1_54' title='bbox 95 502 131 538; x_wconf 84' lang='lat' dir='ltr'><strong>et</strong></span> <span class='ocrx_word' id='word_1_55' title='bbox 142 500 270 538; x_wconf 84' lang='lat' dir='ltr'><strong>ovium</strong></span> <span class='ocrx_word' id='word_1_56' title='bbox 290 515 300 538; x_wconf 92' lang='lat'>:</span> <span class='ocrx_word' id='word_1_57' title='bbox 320 500 609 541; x_wconf 82' lang='lat' dir='ltr'><strong>consolationem</strong></span> <span class='ocrx_word' id='word_1_58' title='bbox 623 503 906 555; x_wconf 80' lang='lat' dir='ltr'><strong>accipiuntoves</strong></span> <span class='ocrx_word' id='word_1_59' title='bbox 923 515 972 542; x_wconf 87' lang='lat' dir='ltr'><strong>ex</strong></span> <span class='ocrx_word' id='word_1_60' title='bbox 989 500 1063 541; x_wconf 85' lang='lat' dir='ltr'><strong>fide</strong></span> <span class='ocrx_word' id='word_1_61' title='bbox 1072 498 1358 545; x_wconf 65' lang='lat' dir='ltr'><strong>Pastoris&#39;smc-</strong></span> <span class='ocrx_word' id='word_1_62' title='bbox 1408 521 1410 539; x_wconf 70' lang='grc' dir='ltr'><em>τ</em></span> 
     </span>
    </p>
   </div>
   <div class='ocr_carea' id='block_1_4' title="bbox 92 561 1356 625">
    <p class='ocr_par' dir='ltr' id='par_1_6' title="bbox 92 561 1356 625">
     <span class='ocr_line' id='line_1_11' title="bbox 92 561 1356 625; baseline 0.005 -23"><span class='ocrx_word' id='word_1_63' title='bbox 92 561 278 613; x_wconf 65' lang='lat' dir='ltr'><strong>micante,</strong></span> <span class='ocrx_word' id='word_1_64' title='bbox 314 565 606 607; x_wconf 85' lang='lat' dir='ltr'><strong>consolationem</strong></span> <span class='ocrx_word' id='word_1_65' title='bbox 624 567 757 620; x_wconf 86' lang='lat' dir='ltr'><strong>accipit</strong></span> <span class='ocrx_word' id='word_1_66' title='bbox 778 563 909 606; x_wconf 89' lang='lat' dir='ltr'><strong>Pastor</strong></span> <span class='ocrx_word' id='word_1_67' title='bbox 940 580 987 606; x_wconf 87' lang='lat' dir='ltr'><strong>ex</strong></span> <span class='ocrx_word' id='word_1_68' title='bbox 1021 565 1098 606; x_wconf 82' lang='lat' dir='ltr'><strong>fide</strong></span> <span class='ocrx_word' id='word_1_69' title='bbox 1125 568 1255 611; x_wconf 86' lang='lat' dir='ltr'><strong>ovium</strong></span> <span class='ocrx_word' id='word_1_70' title='bbox 1289 579 1356 625; x_wconf 80' lang='lat' dir='ltr'><strong>per</strong></span> 
     </span>
    </p>
   </div>
   <div class='ocr_carea' id='block_1_5' title="bbox 89 629 1357 745">
    <p class='ocr_par' dir='ltr' id='par_1_7' title="bbox 89 629 1357 745">
     <span class='ocr_line' id='line_1_12' title="bbox 89 629 636 682; baseline 0.007 -13"><span class='ocrx_word' id='word_1_71' title='bbox 89 629 212 682; x_wconf 84' lang='lat' dir='ltr'><strong>ipsum</strong></span> <span class='ocrx_word' id='word_1_72' title='bbox 230 631 443 673; x_wconf 64' lang='lat' dir='ltr'><strong>confirmata</strong></span> <span class='ocrx_word' id='word_1_73' title='bbox 464 639 501 673; x_wconf 87' lang='lat' dir='ltr'><strong>et</strong></span> <span class='ocrx_word' id='word_1_74' title='bbox 521 631 636 673; x_wconf 70' lang='lat' dir='ltr'><strong>auct-21.</strong></span> 
     </span>
     <span class='ocr_line' id='line_1_13' title="bbox 141 689 1357 745; baseline 0.004 -15"><span class='ocrx_word' id='word_1_75' title='bbox 141 689 186 730; x_wconf 90' lang='lat' dir='ltr'><strong>In</strong></span> <span class='ocrx_word' id='word_1_76' title='bbox 199 693 327 734; x_wconf 86' lang='lat' dir='ltr'><strong>talibus</strong></span> <span class='ocrx_word' id='word_1_77' title='bbox 345 695 610 734; x_wconf 84' lang='lat' dir='ltr'><strong>visitationibus</strong></span> <span class='ocrx_word' id='word_1_78' title='bbox 627 693 720 735; x_wconf 81' lang='lat' dir='ltr'><strong>nihil</strong></span> <span class='ocrx_word' id='word_1_79' title='bbox 731 708 887 745; x_wconf 11' lang='lat' dir='ltr'><strong>evanum,</strong></span> <span class='ocrx_word' id='word_1_80' title='bbox 902 693 994 735; x_wconf 89' lang='lat' dir='ltr'><strong>nihil</strong></span> <span class='ocrx_word' id='word_1_81' title='bbox 1007 693 1357 743; x_wconf 68' lang='lat' dir='ltr'><strong>sutilemullalaetit&#39;la</strong></span> 
     </span>
    </p>
   </div>
   <div class='ocr_carea' id='block_1_6' title="bbox 93 752 1410 806">
    <p class='ocr_par' dir='ltr' id='par_1_8' title="bbox 93 752 1410 806">
     <span class='ocr_line' id='line_1_14' title="bbox 93 752 1410 806; baseline 0.003 -14"><span class='ocrx_word' id='word_1_82' title='bbox 93 752 275 793; x_wconf 85' lang='lat' dir='ltr'><strong>saecularis</strong></span> <span class='ocrx_word' id='word_1_83' title='bbox 287 761 323 794; x_wconf 85' lang='lat' dir='ltr'><strong>et</strong></span> <span class='ocrx_word' id='word_1_84' title='bbox 339 753 539 806; x_wconf 86' lang='lat' dir='ltr'><strong>mundana,</strong></span> <span class='ocrx_word' id='word_1_85' title='bbox 555 754 649 796; x_wconf 83' lang='lat' dir='ltr'><strong>nulla</strong></span> <span class='ocrx_word' id='word_1_86' title='bbox 663 757 864 804; x_wconf 87' lang='lat' dir='ltr'><strong>curiositas,</strong></span> <span class='ocrx_word' id='word_1_87' title='bbox 879 755 973 797; x_wconf 85' lang='lat' dir='ltr'><strong>nulla</strong></span> <span class='ocrx_word' id='word_1_88' title='bbox 981 755 1132 796; x_wconf 89' lang='lat' dir='ltr'><strong>videndi</strong></span> <span class='ocrx_word' id='word_1_89' title='bbox 1139 754 1357 796; x_wconf 83' lang='lat' dir='ltr'><strong>currendive</strong></span> <span class='ocrx_word' id='word_1_90' title='bbox 1408 788 1410 792; x_wconf 64' lang='grc'>,</span> 
     </span>
    </p>
   </div>
   <div class='ocr_carea' id='block_1_7' title="bbox 92 817 1358 1512">
    <p class='ocr_par' dir='ltr' id='par_1_9' title="bbox 94 817 1358 983">
     <span class='ocr_line' id='line_1_15' title="bbox 96 817 1358 874; baseline 0.002 -15"><span class='ocrx_word' id='word_1_91' title='bbox 96 817 217 859; x_wconf 84' lang='lat' dir='ltr'><strong>libido</strong></span> <span class='ocrx_word' id='word_1_92' title='bbox 233 849 245 870; x_wconf 88' lang='lat'><strong>‚</strong></span> <span class='ocrx_word' id='word_1_93' title='bbox 265 819 361 860; x_wconf 90' lang='lat' dir='ltr'><strong>nulla</strong></span> <span class='ocrx_word' id='word_1_94' title='bbox 380 819 584 860; x_wconf 88' lang='lat' dir='ltr'><strong>dominatio</strong></span> <span class='ocrx_word' id='word_1_95' title='bbox 599 851 609 869; x_wconf 87' lang='lat'>‚</span> <span class='ocrx_word' id='word_1_96' title='bbox 630 826 702 861; x_wconf 87' lang='lat' dir='ltr'><strong>etc.</strong></span> <span class='ocrx_word' id='word_1_97' title='bbox 723 823 849 860; x_wconf 87' lang='lat' dir='ltr'><strong>omnia</strong></span> <span class='ocrx_word' id='word_1_98' title='bbox 873 822 1075 862; x_wconf 73' lang='lat' dir='ltr'><strong>secundum</strong></span> <span class='ocrx_word' id='word_1_99' title='bbox 1097 819 1173 862; x_wconf 91' lang='lat' dir='ltr'><strong>Dei</strong></span> <span class='ocrx_word' id='word_1_100' title='bbox 1189 822 1358 874; x_wconf 85' lang='lat' dir='ltr'><strong>spiritum</strong></span> 
     </span>
     <span class='ocr_line' id='line_1_16' title="bbox 99 879 1356 936; baseline 0.001 -15"><span class='ocrx_word' id='word_1_101' title='bbox 99 886 136 921; x_wconf 87' lang='lat' dir='ltr'><strong>et</strong></span> <span class='ocrx_word' id='word_1_102' title='bbox 157 879 383 922; x_wconf 84' lang='lat' dir='ltr'><strong>voluntatem</strong></span> <span class='ocrx_word' id='word_1_103' title='bbox 406 881 574 923; x_wconf 86' lang='lat' dir='ltr'><strong>ordinata</strong></span> <span class='ocrx_word' id='word_1_104' title='bbox 591 881 637 922; x_wconf 88' lang='lat' dir='ltr'><strong>ad</strong></span> <span class='ocrx_word' id='word_1_105' title='bbox 659 881 888 923; x_wconf 85' lang='lat' dir='ltr'><strong>subditorum</strong></span> <span class='ocrx_word' id='word_1_106' title='bbox 906 882 1130 936; x_wconf 88' lang='lat' dir='ltr'><strong>spiritualem</strong></span> <span class='ocrx_word' id='word_1_107' title='bbox 1149 880 1356 933; x_wconf 78' lang='lat' dir='ltr'><strong>profectum</strong></span> 
     </span>
     <span class='ocr_line' id='line_1_17' title="bbox 94 943 356 983; baseline 0.004 -1"><span class='ocrx_word' id='word_1_108' title='bbox 94 949 131 983; x_wconf 85' lang='lat' dir='ltr'><strong>et</strong></span> <span class='ocrx_word' id='word_1_109' title='bbox 153 943 356 983; x_wconf 83' lang='lat' dir='ltr'><strong>utilitatem.</strong></span> 
     </span>
    </p>

    <p class='ocr_par' dir='ltr' id='par_1_10' title="bbox 92 1005 1356 1512">
     <span class='ocr_line' id='line_1_18' title="bbox 148 1005 1355 1062; baseline 0 -13"><span class='ocrx_word' id='word_1_110' title='bbox 148 1008 203 1061; x_wconf 57' lang='lat'><strong>35¹.</strong></span> <span class='ocrx_word' id='word_1_111' title='bbox 222 1025 237 1049; x_wconf 87' lang='lat'>1</span> <span class='ocrx_word' id='word_1_112' title='bbox 253 1007 292 1049; x_wconf 90' lang='grc'><strong>3.</strong></span> <span class='ocrx_word' id='word_1_113' title='bbox 311 1009 411 1050; x_wconf 87' lang='grc' dir='ltr'><em>ΝοΙο</em></span> <span class='ocrx_word' id='word_1_114' title='bbox 429 1017 555 1049; x_wconf 77' lang='lat' dir='ltr'><strong>autem</strong></span> <span class='ocrx_word' id='word_1_115' title='bbox 579 1025 646 1050; x_wconf 76' lang='lat' dir='ltr'><strong>vos</strong></span> <span class='ocrx_word' id='word_1_116' title='bbox 662 1012 851 1062; x_wconf 78' lang='lat' dir='ltr'><strong>ignorare,</strong></span> <span class='ocrx_word' id='word_1_117' title='bbox 866 1007 1018 1058; x_wconf 71' lang='lat' dir='ltr'><strong>frah-es.</strong></span> <span class='ocrx_word' id='word_1_118' title='bbox 1033 1005 1235 1049; x_wconf 82' lang='lat' dir='ltr'><strong>Confirmat</strong></span> <span class='ocrx_word' id='word_1_119' title='bbox 1251 1006 1355 1062; x_wconf 70' lang='lat' dir='ltr'><strong>quod</strong></span> 
     </span>
     <span class='ocr_line' id='line_1_19' title="bbox 93 1067 1355 1124; baseline -0.001 -13"><span class='ocrx_word' id='word_1_120' title='bbox 93 1070 188 1111; x_wconf 84' lang='lat' dir='ltr'><strong>dixit</strong></span> <span class='ocrx_word' id='word_1_121' title='bbox 206 1067 261 1120; x_wconf 58' lang='lat'><strong>14.</strong></span> <span class='ocrx_word' id='word_1_122' title='bbox 276 1087 290 1111; x_wconf 87' lang='lat'>1</span> <span class='ocrx_word' id='word_1_123' title='bbox 304 1085 338 1110; x_wconf 86' lang='lat' dir='ltr'><strong>r.</strong></span> <span class='ocrx_word' id='word_1_124' title='bbox 358 1071 524 1110; x_wconf 79' lang='lat' dir='ltr'><strong>desidero</strong></span> <span class='ocrx_word' id='word_1_125' title='bbox 548 1073 672 1112; x_wconf 76' lang='lat' dir='ltr'><strong>videre</strong></span> <span class='ocrx_word' id='word_1_126' title='bbox 687 1085 777 1117; x_wconf 70' lang='lat' dir='ltr'><strong>vos,·</strong></span> <span class='ocrx_word' id='word_1_127' title='bbox 792 1077 828 1111; x_wconf 89' lang='lat' dir='ltr'><strong>et</strong></span> <span class='ocrx_word' id='word_1_128' title='bbox 845 1077 1037 1124; x_wconf 85' lang='lat' dir='ltr'><strong>propterea</strong></span> <span class='ocrx_word' id='word_1_129' title='bbox 1053 1069 1119 1110; x_wconf 89' lang='lat' dir='ltr'><strong>illis</strong></span> <span class='ocrx_word' id='word_1_130' title='bbox 1135 1069 1355 1124; x_wconf 49' lang='lat' dir='ltr'><strong>aperit&#39;quid</strong></span> 
     </span>
     <span class='ocr_line' id='line_1_20' title="bbox 93 1134 1356 1190; baseline -0.003 -12"><span class='ocrx_word' id='word_1_131' title='bbox 93 1138 292 1178; x_wconf 75' lang='lat' dir='ltr'><strong>tentaverit</strong></span> <span class='ocrx_word' id='word_1_132' title='bbox 311 1166 322 1186; x_wconf 91' lang='lat'><strong>‚</strong></span> <span class='ocrx_word' id='word_1_133' title='bbox 343 1137 479 1178; x_wconf 86' lang='lat' dir='ltr'><strong>deinde</strong></span> <span class='ocrx_word' id='word_1_134' title='bbox 499 1137 586 1190; x_wconf 92' lang='lat' dir='ltr'><strong>quid</strong></span> <span class='ocrx_word' id='word_1_135' title='bbox 605 1138 812 1184; x_wconf 81' lang='lat' dir='ltr'><strong>obstiterit,</strong></span> <span class='ocrx_word' id='word_1_136' title='bbox 838 1135 998 1189; x_wconf 88' lang='lat' dir='ltr'><strong>denique</strong></span> <span class='ocrx_word' id='word_1_137' title='bbox 1017 1134 1105 1188; x_wconf 91' lang='lat' dir='ltr'><strong>quid</strong></span> <span class='ocrx_word' id='word_1_138' title='bbox 1125 1134 1294 1175; x_wconf 87' lang='lat' dir='ltr'><strong>conando</strong></span> <span class='ocrx_word' id='word_1_139' title='bbox 1316 1138 1356 1175; x_wconf 73' lang='lat' dir='ltr'><strong>et</strong></span> 
     </span>
     <span class='ocr_line' id='line_1_21' title="bbox 94 1200 1351 1255; baseline -0.002 -13"><span class='ocrx_word' id='word_1_140' title='bbox 94 1203 273 1244; x_wconf 77' lang='lat' dir='ltr'><strong>tentando</strong></span> <span class='ocrx_word' id='word_1_141' title='bbox 291 1203 503 1243; x_wconf 83' lang='lat' dir='ltr'><strong>intenderit.</strong></span> <span class='ocrx_word' id='word_1_142' title='bbox 521 1201 630 1255; x_wconf 81' lang='lat' dir='ltr'><strong>Saepe</strong></span> <span class='ocrx_word' id='word_1_143' title='bbox 653 1202 767 1253; x_wconf 79' lang='lat' dir='ltr'><strong>volui,</strong></span> <span class='ocrx_word' id='word_1_144' title='bbox 789 1202 990 1255; x_wconf 89' lang='lat' dir='ltr'><strong>proposui,</strong></span> <span class='ocrx_word' id='word_1_145' title='bbox 1007 1215 1049 1241; x_wconf 88' lang='lat' dir='ltr'><strong>ac</strong></span> <span class='ocrx_word' id='word_1_146' title='bbox 1070 1200 1351 1242; x_wconf 83' lang='lat' dir='ltr'><strong>tentavivenire</strong></span> 
     </span>
     <span class='ocr_line' id='line_1_22' title="bbox 94 1263 1355 1322; baseline -0.003 -13"><span class='ocrx_word' id='word_1_147' title='bbox 94 1269 143 1309; x_wconf 79' lang='lat' dir='ltr'><strong>ad</strong></span> <span class='ocrx_word' id='word_1_148' title='bbox 152 1283 235 1320; x_wconf 75' lang='lat' dir='ltr'><strong>vos,</strong></span> <span class='ocrx_word' id='word_1_149' title='bbox 249 1276 286 1308; x_wconf 85' lang='lat' dir='ltr'><strong>et</strong></span> <span class='ocrx_word' id='word_1_150' title='bbox 299 1269 509 1322; x_wconf 76' lang='lat' dir='ltr'><strong>prohibilus</strong></span> <span class='ocrx_word' id='word_1_151' title='bbox 523 1284 606 1308; x_wconf 85' lang='lat' dir='ltr'><strong>sum</strong></span> <span class='ocrx_word' id='word_1_152' title='bbox 620 1283 732 1321; x_wconf 82' lang='lat' dir='ltr'><strong>usque</strong></span> <span class='ocrx_word' id='word_1_153' title='bbox 745 1266 824 1315; x_wconf 81' lang='lat' dir='ltr'><strong>ad(</strong></span> <span class='ocrx_word' id='word_1_154' title='bbox 834 1263 906 1306; x_wconf 75' lang='lat' dir='ltr'><strong>hoc</strong></span> <span class='ocrx_word' id='word_1_155' title='bbox 924 1266 1107 1318; x_wconf 80' lang='lat' dir='ltr'><strong>tempus).</strong></span> <span class='ocrx_word' id='word_1_156' title='bbox 1125 1264 1355 1319; x_wconf 83' lang='lat' dir='ltr'><strong>Quippeper</strong></span> 
     </span>
     <span class='ocr_line' id='line_1_23' title="bbox 95 1326 1354 1384; baseline -0.005 -13"><span class='ocrx_word' id='word_1_157' title='bbox 95 1329 161 1371; x_wconf 87' lang='lat' dir='ltr'><strong>alia</strong></span> <span class='ocrx_word' id='word_1_158' title='bbox 174 1328 396 1384; x_wconf 80' lang='lat' dir='ltr'><strong>Evangeliea</strong></span> <span class='ocrx_word' id='word_1_159' title='bbox 407 1332 554 1382; x_wconf 78' lang='lat' dir='ltr'><strong>negotia</strong></span> <span class='ocrx_word' id='word_1_160' title='bbox 572 1332 685 1382; x_wconf 81' lang='lat' dir='ltr'><strong>magis</strong></span> <span class='ocrx_word' id='word_1_161' title='bbox 695 1330 874 1382; x_wconf 86' lang='lat' dir='ltr'><strong>urgentia;</strong></span> <span class='ocrx_word' id='word_1_162' title='bbox 886 1329 999 1380; x_wconf 82' lang='lat' dir='ltr'><strong>magis</strong></span> <span class='ocrx_word' id='word_1_163' title='bbox 1011 1329 1107 1367; x_wconf 89' lang='lat' dir='ltr'><strong>enim</strong></span> <span class='ocrx_word' id='word_1_164' title='bbox 1121 1326 1354 1380; x_wconf 83' lang='lat' dir='ltr'><strong>urgebatne-</strong></span> 
     </span>
     <span class='ocr_line' id='line_1_24' title="bbox 96 1391 1355 1448; baseline -0.005 -10"><span class='ocrx_word' id='word_1_165' title='bbox 96 1400 244 1440; x_wconf 80' lang='lat' dir='ltr'><strong>cessitas</strong></span> <span class='ocrx_word' id='word_1_166' title='bbox 261 1397 440 1447; x_wconf 83' lang='lat' dir='ltr'><strong>locorum,</strong></span> <span class='ocrx_word' id='word_1_167' title='bbox 458 1391 497 1443; x_wconf 77' lang='lat' dir='ltr'><strong>in</strong></span> <span class='ocrx_word' id='word_1_168' title='bbox 513 1397 644 1448; x_wconf 88' lang='lat' dir='ltr'><strong>quibus</strong></span> <span class='ocrx_word' id='word_1_169' title='bbox 658 1393 828 1435; x_wconf 88' lang='lat' dir='ltr'><strong>Christus</strong></span> <span class='ocrx_word' id='word_1_170' title='bbox 843 1393 1011 1433; x_wconf 87' lang='lat' dir='ltr'><strong>nondum</strong></span> <span class='ocrx_word' id='word_1_171' title='bbox 1020 1399 1095 1432; x_wconf 86' lang='lat' dir='ltr'><strong>erat</strong></span> <span class='ocrx_word' id='word_1_172' title='bbox 1107 1392 1355 1432; x_wconf 84' lang='lat' dir='ltr'><strong>annuntiatus.</strong></span> 
     </span>
     <span class='ocr_line' id='line_1_25' title="bbox 92 1452 1348 1512; baseline -0.006 -13"><span class='ocrx_word' id='word_1_173' title='bbox 92 1454 188 1500; x_wconf 83' lang='lat' dir='ltr'><strong>Hoc</strong></span> <span class='ocrx_word' id='word_1_174' title='bbox 206 1464 301 1512; x_wconf 84' lang='lat' dir='ltr'><strong>patet</strong></span> <span class='ocrx_word' id='word_1_175' title='bbox 319 1471 367 1497; x_wconf 84' lang='lat' dir='ltr'><strong>ex</strong></span> <span class='ocrx_word' id='word_1_176' title='bbox 391 1471 470 1509; x_wconf 84' lang='lat' dir='ltr'><strong>cap.</strong></span> <span class='ocrx_word' id='word_1_177' title='bbox 492 1471 507 1496; x_wconf 83' lang='lat'>1</span> <span class='ocrx_word' id='word_1_178' title='bbox 525 1456 564 1496; x_wconf 92' lang='grc'><strong>5.</strong></span> <span class='ocrx_word' id='word_1_179' title='bbox 580 1452 633 1505; x_wconf 70' lang='lat' dir='ltr'><strong>Jff.</strong></span> <span class='ocrx_word' id='word_1_180' title='bbox 655 1471 721 1496; x_wconf 83' lang='lat'><strong>20.</strong></span> <span class='ocrx_word' id='word_1_181' title='bbox 745 1471 810 1495; x_wconf 82' lang='lat'><strong>22.</strong></span> <span class='ocrx_word' id='word_1_182' title='bbox 836 1454 887 1494; x_wconf 81' lang='lat' dir='ltr'><strong>Ue</strong></span> <span class='ocrx_word' id='word_1_183' title='bbox 903 1455 1064 1506; x_wconf 73' lang='lat' dir='ltr'><strong>aliquem</strong></span> <span class='ocrx_word' id='word_1_184' title='bbox 1068 1452 1245 1504; x_wconf 80' lang='lat' dir='ltr'><strong>fructum</strong></span> <span class='ocrx_word' id='word_1_185' title='bbox 1270 1452 1348 1492; x_wconf 77' lang='lat' dir='ltr'><strong>ha-</strong></span> 
     </span>
    </p>
   </div>
   <div class='ocr_carea' id='block_1_8' title="bbox 95 1513 1402 1572">
    <p class='ocr_par' dir='ltr' id='par_1_11' title="bbox 95 1513 1402 1572">
     <span class='ocr_line' id='line_1_26' title="bbox 95 1513 1402 1572; baseline -0.007 -10"><span class='ocrx_word' id='word_1_186' title='bbox 95 1524 204 1562; x_wconf 81' lang='lat' dir='ltr'><strong>beam</strong></span> <span class='ocrx_word' id='word_1_187' title='bbox 226 1534 240 1559; x_wconf 86' lang='grc'><strong>.·</strong></span> <span class='ocrx_word' id='word_1_188' title='bbox 272 1533 358 1559; x_wconf 84' lang='lat' dir='ltr'><strong>ecce</strong></span> <span class='ocrx_word' id='word_1_189' title='bbox 377 1532 439 1558; x_wconf 89' lang='lat' dir='ltr'><strong>cur</strong></span> <span class='ocrx_word' id='word_1_190' title='bbox 467 1518 637 1572; x_wconf 82' lang='lat' dir='ltr'><strong>proposui</strong></span> <span class='ocrx_word' id='word_1_191' title='bbox 659 1516 705 1556; x_wconf 89' lang='lat' dir='ltr'><strong>ad</strong></span> <span class='ocrx_word' id='word_1_192' title='bbox 730 1529 799 1555; x_wconf 80' lang='lat' dir='ltr'><strong>vos</strong></span> <span class='ocrx_word' id='word_1_193' title='bbox 824 1518 876 1555; x_wconf 88' lang='lat' dir='ltr'><strong>ire</strong></span> <span class='ocrx_word' id='word_1_194' title='bbox 893 1543 904 1563; x_wconf 86' lang='lat'><strong>‚</strong></span> <span class='ocrx_word' id='word_1_195' title='bbox 938 1521 975 1553; x_wconf 88' lang='lat' dir='ltr'><strong>ut</strong></span> <span class='ocrx_word' id='word_1_196' title='bbox 1002 1515 1096 1553; x_wconf 88' lang='lat' dir='ltr'><strong>inter</strong></span> <span class='ocrx_word' id='word_1_197' title='bbox 1115 1513 1199 1552; x_wconf 83' lang='lat' dir='ltr'><strong>alias</strong></span> <span class='ocrx_word' id='word_1_198' title='bbox 1223 1518 1356 1565; x_wconf 80' lang='lat' dir='ltr'><strong>gentes</strong></span> <span class='ocrx_word' id='word_1_199' title='bbox 1399 1539 1402 1541; x_wconf 19' lang='grc' dir='ltr'><strong>Α</strong></span> 
     </span>
    </p>
   </div>
   <div class='ocr_carea' id='block_1_9' title="bbox 92 1575 1357 2147">
    <p class='ocr_par' dir='ltr' id='par_1_12' title="bbox 92 1575 1353 1706">
     <span class='ocr_line' id='line_1_27' title="bbox 92 1575 1353 1636; baseline -0.008 -9"><span class='ocrx_word' id='word_1_200' title='bbox 92 1587 248 1631; x_wconf 79' lang='lat' dir='ltr'><strong>fructum</strong></span> <span class='ocrx_word' id='word_1_201' title='bbox 267 1585 423 1636; x_wconf 80' lang='lat' dir='ltr'><strong>aliquem</strong></span> <span class='ocrx_word' id='word_1_202' title='bbox 435 1583 593 1623; x_wconf 86' lang='lat' dir='ltr'><strong>habeam</strong></span> <span class='ocrx_word' id='word_1_203' title='bbox 603 1581 757 1634; x_wconf 78' lang='lat' dir='ltr'><strong>rigando</strong></span> <span class='ocrx_word' id='word_1_204' title='bbox 774 1580 875 1633; x_wconf 89' lang='lat' dir='ltr'><strong>quod</strong></span> <span class='ocrx_word' id='word_1_205' title='bbox 892 1577 943 1620; x_wconf 87' lang='lat' dir='ltr'><strong>D.</strong></span> <span class='ocrx_word' id='word_1_206' title='bbox 961 1575 1095 1618; x_wconf 77' lang='lat' dir='ltr'><strong>Petrus</strong></span> <span class='ocrx_word' id='word_1_207' title='bbox 1111 1585 1148 1619; x_wconf 88' lang='lat' dir='ltr'><strong>et</strong></span> <span class='ocrx_word' id='word_1_208' title='bbox 1169 1579 1249 1628; x_wconf 89' lang='lat' dir='ltr'><strong>ejus</strong></span> <span class='ocrx_word' id='word_1_209' title='bbox 1267 1576 1353 1618; x_wconf 81' lang='lat' dir='ltr'><strong>dis·-</strong></span> 
     </span>
     <span class='ocr_line' id='line_1_28' title="bbox 103 1646 918 1706; baseline -0.011 -11"><span class='ocrx_word' id='word_1_210' title='bbox 103 1653 210 1706; x_wconf 83' lang='lat' dir='ltr'><strong>cipuli</strong></span> <span class='ocrx_word' id='word_1_211' title='bbox 237 1651 333 1704; x_wconf 69' lang='lat' dir='ltr'><strong>apud</strong></span> <span class='ocrx_word' id='word_1_212' title='bbox 363 1665 431 1690; x_wconf 86' lang='lat' dir='ltr'><strong>vos</strong></span> <span class='ocrx_word' id='word_1_213' title='bbox 452 1651 569 1690; x_wconf 79' lang='lat' dir='ltr'><strong>verbo</strong></span> <span class='ocrx_word' id='word_1_214' title='bbox 587 1646 656 1688; x_wconf 86' lang='lat' dir='ltr'><strong>Dei</strong></span> <span class='ocrx_word' id='word_1_215' title='bbox 676 1649 918 1688; x_wconf 83' lang='lat' dir='ltr'><strong>seminarunt.</strong></span> 
     </span>
    </p>

    <p class='ocr_par' dir='ltr' id='par_1_13' title="bbox 94 1706 1354 1943">
     <span class='ocr_line' id='line_1_29' title="bbox 149 1706 1352 1765; baseline -0.007 -11"><span class='ocrx_word' id='word_1_216' title='bbox 149 1712 216 1755; x_wconf 75' lang='lat' dir='ltr'><strong>Ad</strong></span> <span class='ocrx_word' id='word_1_217' title='bbox 239 1712 452 1765; x_wconf 84' lang='lat' dir='ltr'><strong>exemplum</strong></span> <span class='ocrx_word' id='word_1_218' title='bbox 477 1708 651 1764; x_wconf 87' lang='lat' dir='ltr'><strong>Apostoli</strong></span> <span class='ocrx_word' id='word_1_219' title='bbox 682 1710 826 1757; x_wconf 87' lang='lat' dir='ltr'><strong>nostri,</strong></span> <span class='ocrx_word' id='word_1_220' title='bbox 852 1709 912 1760; x_wconf 90' lang='lat' dir='ltr'><strong>qui</strong></span> <span class='ocrx_word' id='word_1_221' title='bbox 939 1708 1063 1747; x_wconf 86' lang='lat' dir='ltr'><strong>omnia</strong></span> <span class='ocrx_word' id='word_1_222' title='bbox 1083 1719 1147 1746; x_wconf 81' lang='lat' dir='ltr'><strong>sua</strong></span> <span class='ocrx_word' id='word_1_223' title='bbox 1166 1706 1296 1746; x_wconf 78' lang='lat' dir='ltr'><strong>itinera</strong></span> <span class='ocrx_word' id='word_1_224' title='bbox 1314 1711 1352 1746; x_wconf 78' lang='lat' dir='ltr'><strong>et</strong></span> 
     </span>
     <span class='ocr_line' id='line_1_30' title="bbox 94 1756 1354 1832; baseline -0.009 -11"><span class='ocrx_word' id='word_1_225' title='bbox 94 1756 242 1832; x_wconf 61' lang='lat' dir='ltr'><strong>negotia</strong></span> <span class='ocrx_word' id='word_1_226' title='bbox 271 1779 485 1827; x_wconf 77' lang='lat' dir='ltr'><strong>ordinabat,</strong></span> <span class='ocrx_word' id='word_1_227' title='bbox 510 1776 729 1829; x_wconf 84' lang='lat' dir='ltr'><strong>suscipiebat</strong></span> <span class='ocrx_word' id='word_1_228' title='bbox 753 1781 788 1814; x_wconf 87' lang='lat' dir='ltr'><strong>et</strong></span> <span class='ocrx_word' id='word_1_229' title='bbox 812 1773 1063 1826; x_wconf 86' lang='lat' dir='ltr'><strong>exequebatur</strong></span> <span class='ocrx_word' id='word_1_230' title='bbox 1078 1801 1090 1822; x_wconf 86' lang='lat'>‚</span> <span class='ocrx_word' id='word_1_231' title='bbox 1110 1785 1188 1811; x_wconf 90' lang='lat' dir='ltr'><strong>non</strong></span> <span class='ocrx_word' id='word_1_232' title='bbox 1208 1768 1354 1824; x_wconf 53' lang='lat' dir='ltr'><strong>propria</strong></span> 
     </span>
     <span class='ocr_line' id='line_1_31' title="bbox 94 1828 1353 1887; baseline -0.011 -5"><span class='ocrx_word' id='word_1_233' title='bbox 94 1841 286 1882; x_wconf 76' lang='lat' dir='ltr'><strong>voluntate</strong></span> <span class='ocrx_word' id='word_1_234' title='bbox 316 1839 466 1887; x_wconf 90' lang='lat' dir='ltr'><strong>ductus,</strong></span> <span class='ocrx_word' id='word_1_235' title='bbox 494 1851 568 1877; x_wconf 89' lang='lat' dir='ltr'><strong>non</strong></span> <span class='ocrx_word' id='word_1_236' title='bbox 588 1837 794 1879; x_wconf 73' lang='lat' dir='ltr'><strong>curiositate</strong></span> <span class='ocrx_word' id='word_1_237' title='bbox 813 1840 945 1875; x_wconf 85' lang='lat' dir='ltr'><strong>tractus</strong></span> <span class='ocrx_word' id='word_1_238' title='bbox 965 1863 975 1883; x_wconf 82' lang='grc'><em>,</em></span> <span class='ocrx_word' id='word_1_239' title='bbox 999 1832 1066 1873; x_wconf 85' lang='lat' dir='ltr'><strong>sed</strong></span> <span class='ocrx_word' id='word_1_240' title='bbox 1084 1830 1210 1871; x_wconf 72' lang='lat' dir='ltr'><strong>divina</strong></span> <span class='ocrx_word' id='word_1_241' title='bbox 1240 1828 1353 1882; x_wconf 64' lang='lat' dir='ltr'><strong>gratia</strong></span> 
     </span>
     <span class='ocr_line' id='line_1_32' title="bbox 96 1902 266 1943; baseline 0 -2"><span class='ocrx_word' id='word_1_242' title='bbox 96 1902 266 1943; x_wconf 80' lang='lat' dir='ltr'><strong>directus.</strong></span> 
     </span>
    </p>

    <p class='ocr_par' dir='ltr' id='par_1_14' title="bbox 95 1958 1357 2147">
     <span class='ocr_line' id='line_1_33' title="bbox 150 1958 1353 2009; baseline -0.009 -1"><span class='ocrx_word' id='word_1_243' title='bbox 150 1965 344 2008; x_wconf 83' lang='lat' dir='ltr'><strong>Discamus</strong></span> <span class='ocrx_word' id='word_1_244' title='bbox 361 1973 397 2007; x_wconf 86' lang='lat' dir='ltr'><strong>et</strong></span> <span class='ocrx_word' id='word_1_245' title='bbox 423 1980 494 2006; x_wconf 90' lang='lat' dir='ltr'><strong>nos</strong></span> <span class='ocrx_word' id='word_1_246' title='bbox 523 1965 645 2005; x_wconf 89' lang='lat' dir='ltr'><strong>omnia</strong></span> <span class='ocrx_word' id='word_1_247' title='bbox 660 1969 782 2004; x_wconf 87' lang='lat' dir='ltr'><strong>nostra</strong></span> <span class='ocrx_word' id='word_1_248' title='bbox 809 1961 1011 2003; x_wconf 80' lang='lat' dir='ltr'><strong>secundum</strong></span> <span class='ocrx_word' id='word_1_249' title='bbox 1031 1958 1107 2002; x_wconf 79' lang='lat' dir='ltr'><strong>Dei</strong></span> <span class='ocrx_word' id='word_1_250' title='bbox 1127 1958 1353 2009; x_wconf 82' lang='lat' dir='ltr'><strong>voluntatem</strong></span> 
     </span>
     <span class='ocr_line' id='line_1_34' title="bbox 97 2017 1357 2080; baseline -0.012 -9"><span class='ocrx_word' id='word_1_251' title='bbox 97 2028 263 2071; x_wconf 86' lang='lat' dir='ltr'><strong>ordinare</strong></span> <span class='ocrx_word' id='word_1_252' title='bbox 282 2061 292 2080; x_wconf 84' lang='lat'><strong>‚</strong></span> <span class='ocrx_word' id='word_1_253' title='bbox 319 2027 414 2068; x_wconf 78' lang='lat' dir='ltr'><strong>banc</strong></span> <span class='ocrx_word' id='word_1_254' title='bbox 432 2031 468 2068; x_wconf 88' lang='lat' dir='ltr'><strong>in</strong></span> <span class='ocrx_word' id='word_1_255' title='bbox 490 2027 663 2067; x_wconf 87' lang='lat' dir='ltr'><strong>omnibus</strong></span> <span class='ocrx_word' id='word_1_256' title='bbox 684 2027 867 2080; x_wconf 82' lang='lat' dir='ltr'><strong>inquirere</strong></span> <span class='ocrx_word' id='word_1_257' title='bbox 885 2031 922 2064; x_wconf 87' lang='lat' dir='ltr'><strong>et</strong></span> <span class='ocrx_word' id='word_1_258' title='bbox 939 2024 1072 2076; x_wconf 87' lang='lat' dir='ltr'><strong>exequi</strong></span> <span class='ocrx_word' id='word_1_259' title='bbox 1085 2051 1095 2069; x_wconf 78' lang='grc'><em>,</em></span> <span class='ocrx_word' id='word_1_260' title='bbox 1110 2020 1248 2072; x_wconf 90' lang='lat' dir='ltr'><strong>ubique</strong></span> <span class='ocrx_word' id='word_1_261' title='bbox 1264 2017 1357 2058; x_wconf 88' lang='lat' dir='ltr'><strong>sub·</strong></span> 
     </span>
     <span class='ocr_line' id='line_1_35' title="bbox 95 2078 1353 2147; baseline -0.014 -11"><span class='ocrx_word' id='word_1_262' title='bbox 95 2095 147 2147; x_wconf 85' lang='lat' dir='ltr'><strong>di,</strong></span> <span class='ocrx_word' id='word_1_263' title='bbox 160 2109 242 2137; x_wconf 86' lang='lat' dir='ltr'><strong>cam</strong></span> <span class='ocrx_word' id='word_1_264' title='bbox 261 2096 297 2135; x_wconf 87' lang='lat' dir='ltr'><strong>in</strong></span> <span class='ocrx_word' id='word_1_265' title='bbox 310 2092 480 2133; x_wconf 85' lang='lat' dir='ltr'><strong>omnibus</strong></span> <span class='ocrx_word' id='word_1_266' title='bbox 493 2089 658 2139; x_wconf 83' lang='lat' dir='ltr'><strong>adorare,</strong></span> <span class='ocrx_word' id='word_1_267' title='bbox 671 2088 718 2127; x_wconf 88' lang='lat' dir='ltr'><strong>ab</strong></span> <span class='ocrx_word' id='word_1_268' title='bbox 739 2086 782 2126; x_wconf 57' lang='lat' dir='ltr'><strong>eil</strong></span> <span class='ocrx_word' id='word_1_269' title='bbox 801 2098 949 2139; x_wconf 87' lang='lat' dir='ltr'><strong>semper</strong></span> <span class='ocrx_word' id='word_1_270' title='bbox 961 2082 1159 2124; x_wconf 79' lang='lat' dir='ltr'><strong>etomnino</strong></span> <span class='ocrx_word' id='word_1_271' title='bbox 1169 2078 1353 2135; x_wconf 83' lang='lat' dir='ltr'><strong>pendere.</strong></span> 
     </span>
    </p>
   </div>
   <div class='ocr_carea' id='block_1_10' title="bbox 151 2141 1363 2211">
    <p class='ocr_par' dir='ltr' id='par_1_15' title="bbox 151 2141 1363 2211">
     <span class='ocr_line' id='line_1_36' title="bbox 151 2141 1363 2211; baseline -0.017 -8"><span class='ocrx_word' id='word_1_272' title='bbox 151 2158 206 2211; x_wconf 59' lang='lat' dir='ltr'><strong>Y.</strong></span> <span class='ocrx_word' id='word_1_273' title='bbox 238 2160 300 2210; x_wconf 62' lang='lat'><strong>¹4·</strong></span> <span class='ocrx_word' id='word_1_274' title='bbox 336 2158 480 2197; x_wconf 75' lang='lat' dir='ltr'><strong>Graece&#39;s</strong></span> <span class='ocrx_word' id='word_1_275' title='bbox 500 2171 549 2194; x_wconf 76' lang='lat' dir='ltr'><strong>m,-</strong></span> <span class='ocrx_word' id='word_1_276' title='bbox 574 2154 761 2193; x_wconf 80' lang='lat' dir='ltr'><strong>Barlum&#39;s</strong></span> <span class='ocrx_word' id='word_1_277' title='bbox 765 2181 873 2194; x_wconf 89' lang='grc'><strong>.....</strong></span> <span class='ocrx_word' id='word_1_278' title='bbox 901 2147 1032 2198; x_wconf 88' lang='lat' dir='ltr'><strong>Volui,</strong></span> <span class='ocrx_word' id='word_1_279' title='bbox 1058 2149 1228 2199; x_wconf 82' lang='lat' dir='ltr'><strong>inquam,</strong></span> <span class='ocrx_word' id='word_1_280' title='bbox 1257 2141 1363 2198; x_wconf 34' lang='lat' dir='ltr'><strong>apud*</strong></span> 
     </span>
    </p>
   </div>
   <div class='ocr_carea' id='block_1_11' title="bbox 96 2210 1355 2275">
    <p class='ocr_par' dir='ltr' id='par_1_16' title="bbox 96 2210 1355 2275">
     <span class='ocr_line' id='line_1_37' title="bbox 96 2210 1355 2275; baseline -0.014 -8"><span class='ocrx_word' id='word_1_281' title='bbox 96 2240 165 2267; x_wconf 81' lang='lat' dir='ltr'><strong>vos</strong></span> <span class='ocrx_word' id='word_1_282' title='bbox 176 2219 305 2275; x_wconf 81' lang='lat' dir='ltr'><strong>,&#39;si‹-ut</strong></span> <span class='ocrx_word' id='word_1_283' title='bbox 326 2230 360 2264; x_wconf 91' lang='lat' dir='ltr'><strong>ct</strong></span> <span class='ocrx_word' id='word_1_284' title='bbox 393 2221 488 2275; x_wconf 81' lang='lat' dir='ltr'><strong>apud</strong></span> <span class='ocrx_word' id='word_1_285' title='bbox 519 2221 603 2261; x_wconf 82' lang='lat' dir='ltr'><strong>alias</strong></span> <span class='ocrx_word' id='word_1_286' title='bbox 633 2226 762 2272; x_wconf 83' lang='lat' dir='ltr'><strong>gentes</strong></span> <span class='ocrx_word' id='word_1_287' title='bbox 782 2248 794 2269; x_wconf 81' lang='lat'>‚</span> <span class='ocrx_word' id='word_1_288' title='bbox 827 2216 984 2257; x_wconf 74' lang='lat' dir='ltr'><strong>fructum</strong></span> <span class='ocrx_word' id='word_1_289' title='bbox 1001 2214 1159 2266; x_wconf 88' lang='lat' dir='ltr'><strong>aliquem</strong></span> <span class='ocrx_word' id='word_1_290' title='bbox 1180 2210 1355 2261; x_wconf 11' lang='lat' dir='ltr'><strong>habere-,¹</strong></span> 
     </span>
    </p>
   </div>
   <div class='ocr_carea' id='block_1_12' title="bbox 97 2278 1356 2402">
    <p class='ocr_par' dir='ltr' id='par_1_17' title="bbox 97 2278 1356 2402">
     <span class='ocr_line' id='line_1_38' title="bbox 97 2278 1355 2347; baseline -0.016 -13"><span class='ocrx_word' id='word_1_291' title='bbox 97 2294 179 2347; x_wconf 85' lang='lat' dir='ltr'><strong>qnia</strong></span> <span class='ocrx_word' id='word_1_292' title='bbox 202 2292 373 2333; x_wconf 84' lang='lat' dir='ltr'><strong>omnibus</strong></span> <span class='ocrx_word' id='word_1_293' title='bbox 390 2288 537 2329; x_wconf 82' lang='lat' dir='ltr'><strong>debitor</strong></span> <span class='ocrx_word' id='word_1_294' title='bbox 554 2300 634 2327; x_wconf 90' lang='lat' dir='ltr'><strong>sum</strong></span> <span class='ocrx_word' id='word_1_295' title='bbox 655 2302 664 2327; x_wconf 84' lang='lat'>:</span> <span class='ocrx_word' id='word_1_296' title='bbox 682 2299 729 2326; x_wconf 87' lang='lat' dir='ltr'><strong>ex</strong></span> <span class='ocrx_word' id='word_1_297' title='bbox 752 2298 825 2338; x_wconf 87' lang='lat' dir='ltr'><strong>quo</strong></span> <span class='ocrx_word' id='word_1_298' title='bbox 841 2282 953 2323; x_wconf 85' lang='lat' dir='ltr'><strong>sactus</strong></span> <span class='ocrx_word' id='word_1_299' title='bbox 975 2294 1055 2321; x_wconf 87' lang='lat' dir='ltr'><strong>sum</strong></span> <span class='ocrx_word' id='word_1_300' title='bbox 1075 2278 1239 2319; x_wconf 87' lang='lat' dir='ltr'><strong>omnium</strong></span> <span class='ocrx_word' id='word_1_301' title='bbox 1262 2288 1355 2327; x_wconf 85' lang='lat' dir='ltr'><strong>gen-</strong></span> 
     </span>
     <span class='ocr_line' id='line_1_39' title="bbox 97 2337 1356 2402; baseline -0.015 -6"><span class='ocrx_word' id='word_1_302' title='bbox 97 2356 187 2398; x_wconf 85' lang='lat' dir='ltr'><strong>tium</strong></span> <span class='ocrx_word' id='word_1_303' title='bbox 207 2349 356 2395; x_wconf 76' lang='lat' dir='ltr'><strong>Ductor</strong></span> <span class='ocrx_word' id='word_1_304' title='bbox 376 2381 386 2402; x_wconf 85' lang='lat'>,</span> <span class='ocrx_word' id='word_1_305' title='bbox 403 2350 573 2391; x_wconf 84' lang='lat' dir='ltr'><strong>omnibus</strong></span> <span class='ocrx_word' id='word_1_306' title='bbox 590 2348 710 2389; x_wconf 89' lang='lat' dir='ltr'><strong>debeo</strong></span> <span class='ocrx_word' id='word_1_307' title='bbox 726 2346 904 2391; x_wconf 83' lang='lat' dir='ltr'><strong>doctrinoe</strong></span> <span class='ocrx_word' id='word_1_308' title='bbox 924 2341 1090 2384; x_wconf 86' lang='lat' dir='ltr'><strong>debitum</strong></span> <span class='ocrx_word' id='word_1_309' title='bbox 1109 2353 1119 2389; x_wconf 75' lang='grc' dir='ltr'>ς</span> <span class='ocrx_word' id='word_1_310' title='bbox 1139 2338 1185 2382; x_wconf 86' lang='lat' dir='ltr'><strong>ad</strong></span> <span class='ocrx_word' id='word_1_311' title='bbox 1199 2337 1273 2378; x_wconf 83' lang='lat' dir='ltr'><strong>hoc</strong></span> <span class='ocrx_word' id='word_1_312' title='bbox 1291 2349 1356 2378; x_wconf 75' lang='lat' dir='ltr'><strong>as-</strong></span> 
     </span>
    </p>
   </div>
  </div>
 </body>
</html>
