1410 2554
351 70 533 110 'tumax-
550 58 797 110 xxnoaiznm
808 61 904 116 Ga»
916 63 994 109 lx.
1227 66 1308 120 257

50 130 175 183 tigris)
189 133 274 171 ante
294 131 454 181 prfflvin
472 132 600 179 omnia
608 133 768 178 masta:
789 139 827 176 et
844 136 1125 179 tamn->tanturn
1146 136 1257 182 aben
1269 145 1313 179 ut

51 190 152 241 cleris
165 197 203 232 et
221 194 405 244 expressis
421 192 583 241 textibus
595 192 683 241 hae
696 195 823 246 opinio
837 193 1010 241 fundet&
1020 225 1034 245 ‚
1050 202 1101 236 nt*
1117 198 1155 236 in
1182 197 1310 251 nullo,

51 252 111 300 vel
124 257 212 295 sane
228 255 265 296 in
281 255 453 303 obscuris,
463 258 602 301 tantum
615 308 617 310 q
631 254 780 298 fundata
807 256 984 303 videatur.
1006 299 1008 302 ,

104 314 222 368 Quod
244 319 342 361 enim
362 316 424 358 hic
444 317 555 359 velim
573 318 829 365 animadverti.
1047 363 1050 366 Α

101 375 140 418 Α
158 379 307 418 nemine
328 378 450 428 negari
471 373 618 431 potest,
639 374 727 429 quin
753 379 792 419 hi
809 386 928 421 textus
946 379 986 422 S.
1003 377 1116 424 Pauli
1131 383 1178 426 de
1197 382 1303 430 Esau

43 443 84 481 et
100 435 228 483 >Jacob
243 467 254 487 ‚
287 437 333 479 de
362 437 460 491 figuli
491 438 728 479 similitudine
744 469 757 491 ‚
780 447 819 480 et
846 441 903 482 alii
925 442 1030 485 valde
1049 453 1134 487 sunt
1153 447 1301 490 obscuri

45 490 168 548 (hanc
199 500 456 541 obscuritatem
476 500 700 543 demonstrat
729 503 806 555 ipsa
830 503 952 545 textus
972 505 1081 547 lectio
1097 538 1107 557 ‚
1131 516 1170 551 et
1196 514 1300 554 varia

42 552 327 614 explicationum
361 562 582 612 diversitas)
601 577 612 611 ς
633 570 672 604 et
699 569 822 604 tamen
850 567 889 605 in
926 566 983 606 his
1018 572 1180 612 textibus
1210 574 1292 615 ob-

41 617 155 663 scuris
164 625 343 677 praecipue
357 622 525 665 fundatur
540 624 703 666 doctrina
721 626 768 666 de
790 630 940 679 gratuita
952 630 1287 687 praedestinatione,

39 691 78 725 et
93 686 346 738 reprobatione
358 715 368 734 ‚
389 689 468 727 sine
483 689 647 740 praevisis
664 691 802 730 meritis
812 697 872 730 aut
887 690 1086 736 demeritis„

95 745 239 801 Opinio
264 751 354 788 vero
373 752 550 791 contraria
568 750 735 793 fundatur
753 766 829 793 non
850 758 988 795 tantum
1009 758 1048 798 in
1071 758 1185 800 multo
1214 761 1295 802 cla-

37 807 209 859 rioribus,
239 809 303 850 sed
327 817 362 850 et
378 813 693 864 expressioribus,
719 829 757 856 v,
785 829 821 869 g.
850 816 950 856 Deus
969 821 1050 858 vult
1066 836 1196 863 omnes
1213 825 1292 864 lm-

36 871 156 910 mines
169 871 287 910 salvos
298 870 390 923 fieri
402 902 414 924 ,
432 879 468 914 et
485 873 561 915 aliis
580 877 642 928 qui
657 877 866 918 citabuntur
881 880 985 920 infra.

505 992 528 1020 C
542 995 565 1021 0
576 994 605 1024 N
617 994 639 1022 C
653 995 674 1025 L
685 995 713 1023 U
725 996 745 1025 S
755 998 768 1023 Ι
780 998 819 1026 0.

69 1081 175 1136 Quid
188 1086 300 1136 igitur
314 1087 360 1126 de
380 1088 451 1128 hoc
463 1091 804 1142 pradesttnatiom's
818 1099 990 1148 mysterio
1003 1102 1249 1145 sentiendum.

82 1179 212 1233 Sentio
241 1197 362 1246 primo
386 1196 472 1238 iilud
504 1212 585 1240 esse
617 1202 763 1245 cuilibet
789 1208 931 1249 mortali
956 1212 1215 1258 absconditum
1242 1226 1283 1260 et

24 1250 76 1292 im
105 1254 318 1295 cnetrabile.
360 1288 363 1290 .

121 1307 276 1368 oclidem
287 1312 417 1352 sentiet
427 1326 585 1364 mecum,
595 1318 656 1368 qui
669 1318 860 1361 advertere
872 1323 1024 1366 voluerit
1036 1335 1283 1382 quaestionem

20 1378 98 1405 non
126 1381 206 1409 esse
236 1370 282 1413 de
309 1373 492 1424 possibili,
516 1379 634 1416 utrum
663 1377 766 1420 Deus
798 1387 955 1436 potuerit
977 1389 1116 1442 aliquos
1145 1394 1279 1447 eligere

21 1434 128 1478 ante,
150 1431 288 1485 aliquos
303 1441 387 1486 post
405 1439 560 1487 praevisa
578 1443 717 1488 merita;
744 1452 884 1486 constat
900 1451 998 1490 enirn
1018 1455 1116 1506 quod
1134 1464 1278 1499 utrum-

23 1506 95 1545 que
114 1507 180 1548 pro
197 1494 300 1536 libito
319 1499 476 1549 potuerit
495 1512 505 1537 z
527 1500 592 1539 sed
610 1507 763 1554 quaestio
782 1514 836 1546 est
849 1503 902 1548 ⁴de
925 1510 1018 1553 sacto
1033 1545 1043 1564 ‚
1073 1530 1119 1556 an
1138 1521 1278 1563 scilieet

21 1551 127 1596 Deus
147 1555 284 1608 aliquos
301 1555 493 1602 efficaciter
509 1561 656 1615 elegerit
672 1567 717 1607 εἰ]
731 1568 899 1620 gloriam,
919 1582 1003 1615 ante
1016 1591 1166 1622 ornnem
1185 1597 1275 1625 me-

20 1617 173 1658 ritorum
198 1621 482 1671 praevisione1n;
501 1631 538 1663 et
559 1623 630 1666 hoc
649 1627 782 1670 sactum
800 1636 921 1676 sentio
939 1639 1047 1679 nobis
1060 1646 1275 1688 mortalibus

17 1679 275 1736 absconditum
294 1689 330 1722 et
343 1685 631 1737 impenetrabile.

74 1738 187 1783 Ratio
211 1748 294 1791 est,
328 1746 410 1796 quia
435 1745 572 1787 tactum
587 1752 609 1788 a
637 1764 736 1792 mera
756 1761 792 1794 et
817 1763 950 1800 aeterna
980 1759 1052 1803 Dei
1087 1768 1277 1814 voluntate

20 1802 188 1856 pendens
204 1805 310 1844 nobis
330 1807 559 1850 innotescere
577 1825 653 1852 non
668 1822 803 1868 potest5
825 1822 892 1861 nisi
907 1836 971 1864 ner
983 1829 1271 1884 revelationem

20 1863 93 1906 hoc
109 1872 231 1906 autem
245 1866 379 1908 factum
399 1884 473 1910 non
491 1878 545 1911 est
557 1875 666 1915 nobis
683 1877 774 1918 clare
794 1888 830 1920 et
853 1893 1026 1937 expresse
1040 1895 1241 1939 revelatum
1258 1915 1273 1940 ς

18 1939 105 1967 nam
141 1928 314 1971 revelatio
347 1927 420 1971 Dei
452 1933 499 1973 ad
516 1948 584 1976 nos
605 1947 751 1981 emanat
779 1943 839 1983 vel
867 1959 931 1998 per
951 1946 1151 2004 Scripturas
1168 1987 1179 2007 ,
1210 1963 1272 2004 vel

17 2001 85 2040 per
97 1986 328 2030 traditionem
340 2006 348 2029 :
361 1992 427 2032 sed
438 2008 558 2049 neque
568 1995 764 2051 Scriptura,
777 2017 898 2056 neque
914 2010 1055 2055 traditio
1078 2030 1159 2057 sese
1173 2021 1271 2064 clare

18 2056 58 2092 et
72 2056 243 2106 expresse
264 2054 417 2106 explicat
437 2059 531 2099 circa
547 2059 620 2102 hoc
635 2062 791 2114 factum3
813 2073 948 2112 etenim
969 2078 998 2113 si
1016 2091 1113 2119 sacra
1139 2082 1271 2138 Scrip-

16 2116 96 2151 tura
110 2113 148 2152 in
162 2113 339 2168 aliquibus
355 2115 444 2158 locis
460 2124 622 2172 gratuitae
632 2126 938 2177 praedestinationi
958 2136 1083 2182 favere
1099 2146 1247 2188 videtur

15 2171 149 2215 inaliis
171 2174 220 2217 illi
239 2176 380 2219 videtur
401 2183 672 2239 contradicere,
706 2196 743 2230 ut
769 2197 956 2246 apparebit
988 2202 1023 2240 in
1055 2203 1142 2246 locis
1175 2178 1268 2252 insti:

14 2235 168 2294 citandis
189 2252 198 2276 z
217 2239 342 2292 sicque
358 2242 448 2284 nihil
467 2249 617 2288 omnino
642 2258 781 2301 certum
797 2263 833 2296 et
854 2268 1026 2304 constans
1048 2269 1095 2307 ab
1117 2282 1164 2310 ea
1177 2286 1267 2324 pOS’.

13 2309 140 2339 sumus
159 2299 229 2342 liae
245 2303 282 2342 in
297 2316 337 2344 re
357 2297 517 2352 edoceri.
564 2335 566 2337 ·

243 2372 277 2398 ¹·
1058 2401 1119 2428 ιι.
