1410 2554
137 67 215 94 no
467 36 469 40 ἲ
494 39 702 93 Eprsronffi
730 54 787 90 An
817 48 1022 92 nummos
1404 95 1405 99 ,

189 124 252 165 ι5.
275 119 362 165 Sed
389 136 478 165 non
499 118 608 164 sicut
628 117 855 172 delictum,
878 118 939 164 ita'
957 110 1180 167 et'donum
1202 107 1216 165 :b
1230 106 1264 167 si
1279 107 1407 181 enjmq

128 190 256 236 unius
279 190 433 235 delicto
457 189 581 234 multi
614 189 770 234 mortui
799 200 925 236 sunt:
946 192 1080 238 multo
1102 194 1237 253 magis
1262 202 1396 254 gratia

129 262 217 308 Dei
245 271 286 306 et
305 261 468 306 donum
484 261 528 306 in
565 261 700 320 gratia
730 261 857 308 unius
874 261 1063 311 hominis
1084 265 1189 313 Jesu
1207 267 1392 324 Christi,

130 332 176 379 in
198 333 342 391 plures
359 331 603 378 abundavit.

189 441 253 483 16.
267 438 322 482 Et
335 455 421 484 non
438 438 545 483 sicut
563 454 639 495 per
662 454 795 482 unum
818 447 1038 492 peccatum
1050 472 1062 494 ,
1078 437 1135 484 ita
1151 448 1192 484 et
1210 440 1390 488 donum:

127 527 230 556 narn
253 510 462 568 judicium
494 509 668 567 quidem
689 527 739 555 ex
773 527 858 555 uno
880 509 925 554 in
957 499 1381 560 condemnationem:

129 583 263 642 gratia
278 593 419 629 autem
439 600 487 628 ex
508 581 652 627 multis
672 580 839 627 delictis
854 580 897 626 in
915 581 1274 639 justificationem.

189 839 252 877 17.
273 819 318 864 Si
338 818 453 863 enim
471 818 597 863 unius
614 817 769 863 delicto
789 835 904 864 mors
921 818 1110 876 regnavit
1137 835 1213 874 per
1231 835 1391 864 unum:

128 893 264 937 multo
294 890 428 948 magis
462 889 768 934 abundantiam
787 890 927 945 gratiae
944 924 956 945 ,
978 899 1019 934 et
1053 889 1296 935 donationis
1313 925 1324 945 ‚
1349 900 1410 939 et„

126 962 296 1019 justitiae
335 961 592 1018 accipientes
607 996 618 1018 ‚
658 960 703 1004 in
736 960 821 1006 vita
859 961 1097 1019 regnabunt
1136 979 1212 1018 per
1254 978 1391 1007 unum

129 1037 277 1080 Jesum
289 1034 517 1080 Christum.

187 1269 250 1312 18.
268 1265 402 1324 Igitur
423 1263 529 1310 sicut
548 1281 623 1320 per
649 1263 773 1309 unius
792 1263 994 1310 delictum
1012 1263 1058 1308 in
1077 1280 1226 1310 omnes
1245 1264 1393 1310 homi·-

128 1355 203 1383 nes
220 1338 263 1381 in
284 1334 713 1381 condemnationem:
745 1335 805 1380 sic
841 1352 915 1391 per
945 1335 1070 1380 unius
1101 1335 1311 1391 justitiam
1343 1335 1392 1380 in

130 1427 279 1456 omnes
311 1407 506 1453 homines
535 1406 580 1451 in
599 1406 947 1463 justificationem
969 1412 1071 1452 vitae.

188 1523 250 1563 ¹9·
281 1503 397 1548 Sicut
430 1503 545 1547 enim
582 1519 656 1557 per
675 1500 1008 1546 inobedientiam
1027 1499 1151 1545 unius
1174 1498 1390 1557 hominis,

129 1586 374 1634 peccatores
394 1573 615 1619 constituti
635 1583 735 1619 sunt
752 1572 898 1617 multi:
914 1573 973 1618 ita
990 1583 1030 1618 et
1047 1589 1124 1628 per
1142 1571 1267 1617 unius
1286 1571 1390 1618 obe-

130 1649 334 1694 ditionem
350 1683 361 1703 ,
380 1647 480 1703 justi
501 1645 808 1690 constituentur
824 1643 958 1688 multi.

187 1741 254 1766 20.
279 1722 362 1764 Lex
380 1727 522 1762 autem
554 1713 800 1760 subintravit
837 1723 881 1757 ut
911 1710 1146 1757 abundaret
1172 1709 1399 1755 delictum.

131 1789 213 1836 Ubi
231 1798 373 1834 autem
403 1785 631 1832 abundavit
661 1783 880 1836 delictum,
911 1780 1271 1838 superabundavit
1289 1795 1391 1839 gra-

130 1871 186 1907 tia
205 1882 213 1905 τ

190 2072 254 2098 21.
273 2051 362 2104 Ut,
385 2049 491 2095 sicut
512 2046 701 2107 regnavit
721 2054 940 2103 peccatum
968 2044 1010 2088 in
1028 2050 1232 2087 mortem:
1261 2038 1319 2084 ita
1349 2048 1391 2084 et

132 2125 263 2182 gratia
297 2129 443 2179 regnet
465 2136 540 2175 per
575 2117 781 2174 justitiam
811 2117 854 2161 in
886 2115 1015 2160 vitam
1045 2105 1277 2167 aeternam,
1314 2111 1408 2191 per:

131 2195 283 2241 Jesum
306 2191 522 2238 ChrIstum
540 2190 775 2236 Dominum
793 2196 1005 2234 nostrum.
