1410 2554
339 39 525 88 ‘rutrttx
552 58 785 91 mensi-rim
817 47 910 101 Cap.
946 49 996 90 Χ.
1229 50 1311 94 265

47 119 51 137 ²
101 112 184 160 Sed
201 115 286 157 audi
307 116 395 170 quid
413 115 598 170 Scriptura
617 110 735 159 dicat:
755 115 837 159 Res
865 119 932 159 tibi
967 118 1080 160 facilis
1110 127 1166 163 est
1194 129 1232 163 et
1262 123 1310 163 ad

45 194 212 231 manum,
228 195 299 221 nec
314 181 397 222 alibi
421 182 616 236 quaerenda
629 211 641 232 ,
661 185 769 236 quam
789 185 825 224 in
845 183 958 224 corde
977 190 1013 224 et
1040 199 1104 225 ore
1121 192 1183 227 tuo
1201 202 1210 226 ε
1227 186 1310 228 suf-

42 245 118 288 ficit
137 248 238 286 enim
260 248 290 286 si
316 247 441 287 credas
467 254 505 288 et
534 247 760 297 confitearis,
791 248 891 302 quod
921 253 1049 290 revera
1076 247 1246 292 Christus
1263 253 1310 293 de

47 307 139 348 coelo
157 307 346 349 descendit
360 339 370 358 ‚
393 315 428 349 et
448 312 469 348 ἒι
487 311 637 349 mortuis
655 311 852 350 resurrexit
869 325 878 356 ς
896 310 942 350 ad
962 309 1042 352 haec
1062 325 1174 365 pauca
1193 328 1310 355 revo-

48 376 148 411 catur
163 367 405 422 Evangelium
419 370 517 422 quod
533 369 787 422 praedicamus.

105 429 202 481 Quia
219 433 250 470 si
267 430 376 471 corde
396 430 521 470 credas
533 461 543 479 ,
561 437 597 471 et
615 444 678 471 ore
703 431 907 472 confitearis
930 430 1063 472 Filium
1078 431 1151 475 Dei
1170 433 1312 476 Domi-

46 504 136 534 num
150 489 280 532 Jesum
296 522 306 542 ,
337 505 403 543 pro
430 498 466 531 te
488 493 713 533 incarnatum
735 499 772 533 et
794 499 978 532 mortuum
996 523 1006 541 ,
1028 500 1135 546 atque
1155 493 1311 537 resusci-

46 559 184 602 tatum3
206 554 325 595 salvus
352 556 448 602 eris,
474 553 536 593 hic
561 557 582 593 a
612 557 770 604 peccatis
789 568 855 608 per
884 555 1202 608 justificationem,
1233 558 1310 599 ali·

47 619 192 672 quando
207 620 254 659 ab
275 619 376 659 omni
400 619 543 658 miseria
561 631 625 669 per
644 618 808 670 gloriam.

99 679 248 722 Interna
271 683 372 721 enim
402 680 522 721 cordis
548 680 640 721 fides
673 683 888 734 requiritur,
913 688 952 721 ut
986 684 1066 735 quis
1089 684 1134 723 sit
1162 684 1300 734 justum

46 752 198 788 externa
216 750 304 786 vero
324 745 411 786 fidei
432 745 608 799 professio
633 749 835 787 necessaria
851 753 906 786 est
922 777 933 797 ,
955 754 994 787 ut
1011 750 1090 801 quis
1106 749 1150 788 sit
1174 748 1310 790 salvus.

100 822 190 866 Hoc
201 840 248 866 ex
265 823 356 865 Isaia
370 824 512 877 probari
532 832 667 877 potest,
681 826 768 867 dicit
785 827 884 867 enim
907 841 916 864 ε
938 823 1169 881 Quicumque
1188 826 1309 869 credit

45 887 84 927 in
103 886 226 945 illum,
252 901 329 928 non
349 887 524 939 pudefiet.

48 1005 50 1008 ,
99 962 194 1005 cum
220 965 314 1005 dicat
335 979 344 1003 z
373 963 522 1013 Omnis,
544 967 765 1019 quicumque
781 994 791 1011 ,
824 969 911 1005 sane
933 964 1022 1005 tollit
1039 980 1151 1007 omne
1171 967 1307 1009 discri-

43 1039 131 1067 men
144 1056 155 1075 ,
177 1028 257 1068 sive
281 1025 307 1067 J
311 1027 406 1068 udaei
424 1058 434 1077 ,
451 1031 529 1068 sive
546 1026 667 1069 Graeci
684 1045 691 1068 :
712 1028 816 1068 Deus
835 1030 934 1068 enim
953 1042 1001 1068 ex
1017 1042 1122 1080 aequo
1141 1032 1307 1072 omnium

41 1085 225 1128 Dominus
253 1095 335 1137 est;
365 1093 464 1141 cujus
496 1092 639 1130 bonitas
671 1093 845 1131 exuberat
876 1092 912 1130 in
946 1104 1075 1130 omnes
1094 1121 1105 1141 ‚
1134 1095 1194 1144 qui
1218 1097 1307 1134 vere

43 1155 80 1190 et
100 1151 239 1190 sincere
259 1149 350 1190 illius
367 1165 479 1204 opem
496 1152 710 1204 implorant,
727 1155 826 1204 juxta
844 1151 928 1191 illud
949 1152 1047 1205 quod
1066 1155 1112 1192 ait
1128 1155 1306 1207 propheta

43 1208 152 1252 Joel:

97 1270 261 1323 Omnis,
291 1275 510 1327 quicumque
529 1275 757 1315 invocaverit
790 1289 927 1316 nomen
960 1274 1147 1326 Domini,
1181 1276 1301 1318 salvus

41 1341 122 1381 erit.

38 1441 41 1448 =
94 1415 192 1459 Cum
215 1426 337 1459 autem
356 1420 454 1471 prius
473 1421 520 1458 sit
550 1417 722 1464 credere,
754 1423 864 1471 quam
887 1420 1081 1466 invocare;
1115 1422 1302 1473 quomodo

39 1482 267 1522 invocabunt
286 1496 370 1522 eum
388 1510 399 1530 ,
423 1484 459 1520 in
482 1495 591 1534 quem
622 1494 697 1519 non
725 1478 988 1520 crediderunt?
1021 1489 1080 1522 aut
1114 1483 1302 1536 quomodo

42 1542 194 1583 credent
224 1546 287 1594 ei,
309 1543 356 1584 de
376 1557 448 1596 quo
474 1557 550 1582 non
579 1543 798 1583 audierunt?
827 1542 1014 1596 quomodo
1039 1543 1210 1593 audient,
1231 1548 1303 1587 nisi

38 1608 112 1646 sint
129 1609 187 1658 qui
207 1606 414 1658 praedicent
439 1606 634 1656 ignotum?

95 1665 299 1718 Quomodo
318 1672 407 1708 vero
427 1667 678 1720 praedicabunt
698 1680 909 1720 praecones,
938 1668 1009 1706 nisi
1031 1668 1132 1707 missi
1154 1669 1224 1707 sint
1251 1670 1298 1709 ab

39 1743 87 1771 eo
103 1733 204 1782 cujus
221 1737 277 1771 est
293 1728 567 1782 Evangelium?
585 1728 735 1771 Revera
750 1728 916 1770 Christus
934 1726 1136 1780 Apostolos
1161 1744 1247 1770 suos
1260 1733 1299 1772 in

39 1807 190 1839 omnem
204 1803 334 1836 terram
357 1792 478 1842 misit,
500 1799 591 1836 sicut
611 1795 825 1848 praedictum
845 1802 896 1835 est
921 1795 967 1834 ab
989 1792 1079 1834 isaia
1096 1825 1107 1843 ‚
1126 1795 1298 1836 dicente:

40 1853 165 1906 Quam
198 1862 317 1908 gratus
339 1862 390 1896 est
413 1855 592 1895 adventus
621 1852 811 1907 Evangelii
845 1867 1055 1907 praeconum
1076 1883 1088 1903 ,
1112 1868 1240 1906 pacem
1262 1862 1300 1896 et

38 1922 138 1964 bona
157 1922 264 1960 nobis
284 1924 304 1961 a
325 1918 474 1961 Christo
495 1927 682 1974 procurata
702 1922 991 1960 annuntiantium
1012 1920 1020 1958 !

72 2015 74 2017 ’
93 1995 190 2046 Sed,
210 2000 353 2052 inquies
366 2028 377 2046 ,
407 1999 490 2037 cum
524 1998 571 2038 ad
603 2011 735 2038 omnes
762 1999 862 2037 missi
895 1999 967 2036 sint
989 1994 1157 2050 Apostoli
1173 2012 1183 2043 ;
1213 1999 1299 2038 cum

38 2065 158 2110 gratus
178 2062 224 2099 sit
246 2073 374 2100 eorum
394 2058 573 2099 adventus
594 2059 643 2099 ob
662 2060 759 2099 bona
776 2071 859 2110 quae
875 2061 1090 2098 annuntiant
1107 2072 1115 2096 :
1136 2071 1199 2098 cur
1210 2072 1298 2110 ergo

37 2135 115 2161 non
134 2135 286 2171 omnes,
305 2122 371 2162 sed
390 2121 497 2161 valde
522 2125 625 2174 pauci
648 2122 799 2162 credunt
817 2129 852 2162 et
872 2120 1051 2161 obediunt
1070 2117 1299 2172 Evangelio?

34 2179 152 2235 Resp.
171 2183 210 2223 id
226 2185 356 2223 mirum
376 2184 493 2224 videri
522 2197 599 2223 non
619 2183 756 2224 debere
773 2215 783 2233 ,
806 2190 889 2226 cum
907 2186 953 2224 ab
972 2182 1063 2224 lsaia
1083 2182 1300 2235 praedictum

31 2242 138 2284 fuerit
150 2274 160 2292 ,
177 2243 323 2284 dicente
340 2246 376 2284 in
394 2242 657 2297 Apostolorum
675 2259 831 2298 persona
851 2262 860 2287 :
889 2243 1086 2295 Domine,
1109 2239 1193 2298 quis
1211 2258 1299 2285 ere-

29 2304 125 2346 didit
138 2307 368 2348 sermonibus
386 2309 551 2350 nostris?

199 2375 215 2402 1
225 2389 235 2399 .
1090 2376 1104 2402 ι
1115 2377 1135 2401 2
