1410 2554
168 48 225 100 48
527 59 741 94 uersi-oran
766 64 827 94 Α»
853 65 1049 98 Romanos

155 120 460 163 damnationem.
489 121 584 165 Haec
601 125 726 164 omnia
743 125 946 178 supradicta
965 129 1004 167 in
1025 125 1178 171 Judaeos
1198 130 1348 184 quidem
1364 131 1410 174 di-

170 188 271 224 recte
291 184 476 235 dicuntur,
499 185 587 236 sed,
613 185 757 226 heulin
775 194 863 239 quot
879 185 1107 230 Christianos
1123 191 1319 234 indirecte!
1337 201 1376 235 ut
1392 197 1410 235 is

167 250 246 291 fine
259 253 384 304 capitis
396 249 750 292 ostenderunUnum
762 252 824 293 hic
837 252 921 292 dico
933 267 942 292 t
955 254 1053 307 quod
1067 258 1154 304 vita,
1166 263 1290 297 sancta
1301 255 1410 300 Chris

169 317 276 363 tiani,
301 315 376 356 laus
396 324 449 357 est
473 315 545 357 Dei
567 319 766 369 perenni33
789 315 882 357 mala
900 324 1020 358 autern
1041 321 1114 359 vita
1137 322 1239 374 quasi
1257 324 1410 364 continu

168 378 415 431 blasphemia.
434 377 530 419 Vide
549 379 662 432 qualis
673 381 718 419 sit
734 386 806 419 tua.

227 441 283 494 37.
303 443 368 484 25.
389 442 630 482 Circumcisz‘o
653 443 797 495 quidem
812 442 1012 494 prodant...
1026 440 1254 496 supradicta}
1275 444 1410 486 conclu-

168 507 267 546 sioni
295 506 545 546 contradicere
568 510 734 557 poterant
764 501 911 551 Judaei,
938 504 987 542 ob
1005 504 1227 556 signaculum
1248 504 1410 547 soederi&

166 564 256 608 Deo
290 582 373 608 cum
401 569 489 621 ipsis
522 569 623 616 initi,
651 566 750 620 quod
768 567 804 606 in
833 565 897 606 sua
915 580 1023 606 carne
1045 567 1244 617 gerebant,
1264 573 1300 607 et
1315 581 1410 621 quo]

169 627 381 672 Gentilibus
412 631 738 671 discernebantur:
761 629 860 683 quod
893 624 1104 681 praevidens
1121 626 1344 681 Apostolus,
1359 643 1410 670 re-

165 693 342 746 spondet,
359 694 674 733 circumcisionem
691 695 771 733 sine
786 693 876 745 legis
890 694 1122 733 observantia
1136 692 1225 733 nihil
1240 693 1410 746 prodesse

164 754 296 809 Itaque
316 763 352 797 et
385 756 464 796 illos
485 755 559 795 hoc
575 756 784 807 signaculo,
806 770 878 808 quo
905 756 1170 808 gloriabantur,
1194 755 1256 796 hic
1273 757 1401 809 spoliat

164 821 319 861 eosdem
336 828 371 861 et
385 822 464 872 ipso
485 818 605 860 Judaei
619 821 772 860 nomine
788 820 1015 872 spoliaturus.

220 878 273 931 Y.
284 881 351 923 28.
363 882 453 922 Non
469 884 567 921 em’m
581 883 693 935 quiin
711 880 925 932 manfieslo,
944 879 1147 920 Judaeus...
1166 876 1219 919 Ut
1235 878 1337 920 hunc
1347 875 1410 921 vet

162 959 245 986 sum
265 953 302 986 et
322 953 518 999 sequentes
539 945 734 997 intelligas,
758 958 841 985 cum
862 942 912 984 D.
947 941 1221 996 Chrysostomo
1243 943 1410 996 distingue

162 1010 251 1051 duas
271 1009 392 1061 leges,
415 1010 503 1050 duas
525 1010 837 1057 circumcisiones,
865 1008 937 1048 duo
961 1010 1146 1061 praeputia.

215 1068 359 1123 Legem
372 1069 570 1110 Mosaicam
587 1066 712 1110 litteris
726 1071 894 1121 scriptam
908 1099 919 1119 ,
937 1068 1057 1120 legem
1073 1067 1272 1107 naturalem
1288 1069 1325 1106 in
1339 1080 1410 1106 cor·

160 1132 218 1175 dis
230 1132 359 1173 tabulis
375 1132 588 1185 insculptam
601 1149 609 1178 ;
627 1132 941 1172 circumcisionem
956 1132 1071 1170 carnis
1081 1160 1091 1176 ‚
1107 1129 1410 1170 circumcisionen

159 1198 303 1245 cordis;
334 1199 554 1251 praeputium
575 1201 594 1237 a
616 1197 763 1246 natura,
795 1197 1014 1248 praeputium
1033 1199 1053 1235 a
1074 1195 1271 1235 voluntate.
1294 1191 1410 1234 Placel

154 1256 243 1300 Deo
266 1261 490 1299 circumcisio
513 1258 630 1298 cordis
646 1274 654 1296 :
670 1258 765 1298 hanc
785 1255 888 1298 Deus
913 1255 1088 1303 intendit,
1114 1261 1150 1295 et:
1170 1260 1317 1307 propter
1338 1266 1410 1292 ean

155 1321 258 1370 jussit
293 1314 607 1359 circumcisionem
640 1321 756 1359 carnis
774 1334 782 1358 ε
802 1318 882 1358 haec
899 1325 1020 1358 autem
1037 1319 1116 1357 sine
1140 1315 1410 1357 circumcisione

155 1381 288 1420 animae
310 1393 578 1431 supervacanea
599 1387 667 1420 est.

204 1445 445 1485 Ct'rcumcisr'o
455 1449 567 1496 igilur
576 1446 736 1497 prodesl,
750 1444 880 1486 siadsit
892 1447 1037 1495 animae,
1051 1458 1115 1484 seu
1126 1445 1244 1484 cordis
1255 1446 1410 1485 circum-

156 1510 266 1558 cisio,
290 1517 326 1550 et
344 1510 432 1562 tegis
453 1511 661 1550 observatio
682 1526 690 1549 :
710 1513 767 1550 sr'n
790 1518 938 1558 aulem,
960 1510 1049 1560 Iegis
1071 1524 1109 1548 es
1127 1509 1410 1562 proe‹›or1'calor,¹

154 1586 231 1612 non
255 1575 320 1613 tibi
353 1573 431 1626 plus
458 1574 616 1625 proderit
637 1576 885 1622 circumcisio,
913 1577 1022 1626 quam
1046 1575 1075 1612 si
1095 1574 1314 1625 proeputium
1342 1571 1410 1613 ha·-

154 1635 278 1676 beres.
298 1632 392 1676 Cum
414 1635 495 1675 hmc
515 1636 696 1677 scribebat
714 1634 934 1690 Apostolus,
959 1636 1185 1675 circumcisio
1205 1639 1280 1674 erat
1298 1632 1410 1675 adhuc

157 1698 303 1741 Judaeis
321 1700 433 1748 licita,
455 1703 529 1741 imo
554 1708 589 1741 et
609 1703 677 1741 sibi
701 1702 940 1741 necessariam
961 1701 1152 1752 putabant,
1179 1705 1213 1739 et
1237 1698 1274 1739 id
1291 1700 1330 1739 in
1350 1710 1410 1739 eos

151 1763 216 1804 hic
241 1779 317 1804 non
336 1772 439 1815 urget
463 1764 512 1805 D.
545 1764 702 1809 Paulus:
722 1765 787 1805 sed
808 1779 854 1805 ex
889 1763 977 1816 legis
1007 1761 1277 1803 inobservantia
1307 1760 1410 1803 infert

153 1826 318 1867 inutilem
335 1826 445 1867 fuisse
459 1834 494 1867 ot
510 1842 589 1867 esse
602 1829 915 1867 circumcisionem
928 1841 937 1874 ς
950 1826 1008 1866 vel
1028 1824 1186 1879 loquitur
1199 1826 1244 1866 de
1259 1828 1410 1868 circum·

157 1890 296 1929 cisione
310 1919 321 1935 ,
348 1896 451 1941 prout
475 1896 548 1929 crat
567 1892 604 1929 in
623 1897 715 1929 statu
739 1890 840 1941 legis.

212 1952 266 2002 Y.
289 1950 354 1993 26.
383 1955 428 1992 Sl
454 1955 567 2003 t‘gt'lur
585 1957 851 2006 prwpult‘nm...
873 1952 907 1995 E
928 1955 1107 1993 contrario
1138 1952 1246 1993 infert
1267 1951 1366 2005 quod
1385 1949 1410 1993 sl

154 2012 268 2053 homo
288 2017 542 2067 praeputiatus,
568 2016 603 2055 itl
627 2023 702 2066 est,
729 2014 909 2067 Gentius,
933 2016 1050 2068 legem
1066 2014 1261 2055 naturalem
1284 2022 1410 2055 custo-

153 2076 228 2116 diat
242 2107 252 2123 ‚
278 2077 373 2130 apud
393 2076 511 2119 Deum
531 2081 800 2132 reputabiturnt
821 2082 1050 2120 circumcisus
1066 2095 1074 2119 x
1091 2081 1228 2119 tantum
1244 2077 1291 2118 illi
1310 2077 1410 2119 vale-

154 2140 206 2181 bit
224 2146 335 2179 status
355 2142 630 2189 incircumcisus
644 2174 653 2190 ,
670 2148 844 2196 quantum
866 2144 965 2183 alteri
989 2143 1272 2183 circumcisionis
1290 2148 1410 2183 status·

210 2198 264 2251 Υ.
283 2216 347 2255 27.
371 2204 419 2243 Et
428 2205 619 2257 judicahil
641 2207 680 2245 id
698 2207 797 2259 qnod
822 2222 870 2245 cx
899 2206 1037 2245 nolum!
1055 2212 1164 2246 ast....
1182 2202 1232 2246 Et
1258 2203 1410 2246 Gentilis

138 2262 210 2306 'itte
223 2293 236 2314 ,
257 2262 338 2306 licet
359 2271 570 2320 prtrpntium
590 2269 733 2318 habeat,
756 2285 837 2311 curn
856 2285 927 2323 qno
946 2276 1049 2309 natus
1067 2276 1119 2309 cst
1133 2301 1142 2318 ,
1166 2272 1201 2310 in
1219 2269 1338 2322 legem
1351 2282 1410 2309 na-

153 2327 305 2369 turalem
324 2326 483 2381 perficiat
500 2360 511 2381 ,
541 2332 594 2371 sui
612 2333 881 2383 comparatione
896 2361 906 2381 ,
935 2338 969 2372 te
995 2330 1282 2383 condemnabit,
1303 2331 1326 2373 ὃ
1342 2328 1410 2372 Ju-
