1410 2554
90 60 148 120 96
448 76 672 107 mus-rom,
691 77 751 107 nu
777 76 981 110 nummos

90 149 172 177 esse
192 138 269 188 ejus
290 136 381 188 filii,
401 137 462 190 qui
490 136 645 177 credens
662 131 748 178 Deo
768 168 779 188 ,
803 137 878 180 hoc
901 142 1047 194 signum
1073 150 1290 198 acceperat,
1305 151 1348 187 nt
1404 130 1410 184 ,³

90 197 211 238 aemuii
231 204 353 238 essent
383 205 544 250 paternae
570 197 681 246 fidei;
706 205 746 239 ut
761 200 954 242 crederent
975 203 1015 242 in
1032 199 1162 243 Jesum
1179 201 1348 246 Abrahae

88 261 324 314 promissum.
344 257 590 308 Ambrosius,
610 275 676 301 seu
691 260 866 301 diaconus
883 260 1043 302 Hilarius
1057 292 1069 312 ,
1091 270 1132 303 ut
1151 271 1292 316 putant.

147 319 287 371 Fides,
319 337 398 363 non
426 324 677 372 circumcisio,
706 338 900 377 germanos
921 323 1006 365 facit
1027 322 1192 366 Abrahae
1223 327 1346 370 filios:

89 386 182 425 sicut
206 382 418 435 Abraham5
436 385 512 426 fide
531 385 595 425 suri
609 416 620 435 ‚
639 400 715 426 non
738 389 1013 428 circumcisione
1028 418 1038 438 ‚
1058 388 1172 430 sactus
1192 397 1247 433 est
1265 393 1347 442 jus-

90 454 149 488 tus
165 478 176 498 ‚
198 446 272 488 Dei
289 450 448 495 amicus;
467 450 516 488 ita
537 447 661 489 Judaei
675 479 686 499 ‚
706 464 782 490 non
805 449 869 491 sud
893 451 1024 492 carnali
1042 454 1345 506 circumcisione,

90 514 261 563 praecise3
279 512 347 553 sed
365 511 428 553 sua
447 514 486 552 in
503 509 690 553 Christum
715 513 790 553 fide
807 543 817 563 ‚
843 514 934 555 fient
959 514 1163 567 spirituales
1181 513 1347 558 Abrahae

90 573 151 614 fitii
170 581 203 614 et
221 575 327 616 amici
339 573 428 617 Dei.

149 629 393 678 Circumcisio
421 644 496 678 erat
520 640 665 691 signum
686 646 724 679 et
750 641 962 692 protestatio
984 639 1070 680 fidei
1098 641 1137 680 in
1160 636 1366 682 Christum>

90 707 287 741 venturum
305 717 315 740 :
331 699 544 743 Judaeorum
562 705 668 755 igitur
694 705 943 754 circumcisio,
965 703 1034 743 hec
1059 703 1133 744 fide
1152 703 1346 757 destituta,

91 771 146 804 est
169 767 268 818 quasi
287 779 459 806 crumena
477 780 608 815 vacua,
626 768 673 806 ait
687 765 994 821 Theophylactus
1012 783 1020 810 :
1042 781 1091 808 ne
1107 770 1251 820 signum
1265 770 1348 823 qui-

40 872 41 875 *
90 827 176 869 dem
198 836 266 877 est,
285 831 334 869 ait
344 827 396 870 D.
413 827 550 883 Chrys.
569 831 651 884 quia
667 832 814 882 signum
828 832 951 879 inane,
968 831 1099 870 nullius
1120 833 1173 871 rei
1189 834 1347 884 signum.

143 889 207 932 Ex
223 891 328 932 dictis
350 892 515 944 'intellige
533 891 647 944 quam
672 894 803 932 merito
821 893 859 931 in
878 894 952 931 suis
978 891 1110 931 officiis
1128 897 1248 931 cantet
1267 888 1351 931 Ec-

90 957 199 998 etesia
223 972 233 996 ε
264 957 382 997 Pater
396 957 502 1010 fidei
524 963 662 996 nostrae
688 957 885 996 Abraham
909 971 1102 1003 summus,
1126 958 1164 996 in
1187 952 1353 1003 nomin,

91 1020 344 1074 Quinquages.
365 1028 400 1062 et
424 1018 608 1063 Sacerdos
635 1021 682 1061 ad
707 1021 818 1062 altare
842 1021 1008 1062 fidelium
1035 1023 1214 1073 nomine,
1242 1028 1353 1062 vocet

88 1085 281 1127 Abraham
296 1084 546 1126 Patriarcham
564 1091 744 1126 nostrum.

144 1146 279 1197 Pater,
299 1162 364 1189 seu
383 1144 595 1188 patriarcha
617 1153 743 1187 noster
763 1153 840 1195 est,
863 1148 946 1200 quia
968 1147 1075 1187 nobis
1094 1149 1198 1200 praeit
1214 1160 1351 1189 exem—

89 1209 174 1262 plo,
197 1211 295 1262 prior
321 1210 488 1250 credidit.
509 1205 629 1251 Pater
657 1210 745 1250 fidei
764 1215 915 1253 nostrae;
945 1210 1027 1260 quia
1047 1208 1176 1248 eadem
1196 1207 1359 1248 credidit⁴

91 1286 175 1326 quae
189 1286 260 1312 nos
279 1301 290 1321 ‚
310 1285 398 1312 cum
415 1270 487 1311 hoc
508 1271 738 1320 discrimine,
759 1270 858 1323 quod
873 1269 1026 1309 credidit
1043 1270 1080 1308 in
1101 1265 1311 1320 Christum,
1326 1270 1350 1309 ὲ

89 1348 157 1374 suo
177 1337 319 1375 semine
347 1337 589 1382 nasciturum,
625 1336 663 1374 in
694 1348 766 1385 quo
798 1331 1066 1374 benedicendae
1093 1338 1195 1371 erant
1218 1345 1350 1372 omnes

92 1394 262 1439 Gentes:
288 1413 357 1439 nos
379 1401 469 1438 vero
491 1397 670 1438 credimus
704 1398 742 1436 in
774 1392 985 1442 Christum,
1012 1391 1177 1434 Abrahae
1205 1392 1345 1442 filiurn,

90 1475 157 1513 per
172 1476 282 1514 quem
301 1459 370 1501 nos
394 1462 493 1501 Deus
514 1461 702 1500 benedixit
719 1460 824 1498 οηιηί
837 1458 1088 1498 benedictione
1103 1457 1295 1508 spirituali
1308 1457 1349 1495 ίη

90 1523 310 1562 coelestibus.

147 1582 246 1624 Tota
263 1586 383 1638 itaque
401 1583 483 1623 haec
500 1580 665 1624 Abrahae
683 1582 877 1634 paternitas
890 1610 900 1629 ‚
925 1587 961 1620 et
979 1585 1102 1619 nostra
1122 1578 1246 1618 filiatio
1265 1579 1349 1632 spi-
1406 1591 1408 1594 ·

89 1647 224 1688 ritualis
242 1653 310 1696 est,
326 1653 361 1687 et
376 1649 413 1686 in
431 1646 502 1686 fide
521 1645 688 1685 fundatur
702 1659 710 1682 :
723 1647 767 1683 eo
778 1644 1022 1696 germaniores
1037 1643 1170 1681 erimus
1184 1638 1351 1682 Abrahae

90 1710 170 1759 filit,
191 1712 264 1761 quo
274 1709 449 1747 sincerius
464 1709 499 1746 in
522 1703 712 1746 Christum
730 1705 940 1754 credemuS‚
961 1711 996 1745 et
1014 1704 1196 1744 fideliores
1215 1705 1351 1745 erimus

93 1770 243 1813 Christo
260 1768 336 1810 Dei
359 1776 394 1809 ct
414 1767 580 1810 Abrahae
599 1768 688 1807 filio.

150 1832 253 1874 Hinc
270 1834 422 1883 concipe
442 1837 594 1884 quantus
612 1838 647 1870 et
669 1830 779 1883 qualis
799 1831 843 1868 sit
859 1828 945 1868 fidei
966 1828 1170 1868 thesaurus!
1189 1840 1272 1881 quae
1282 1840 1353 1868 nos

94 1898 131 1935 in
155 1892 322 1943 Christo,
345 1901 379 1934 et
401 1907 466 1946 per
484 1892 670 1933 Christum
684 1922 694 1940 ,
715 1895 791 1932 unit
810 1907 892 1932 cum
911 1893 1082 1932 omnibus
1104 1894 1164 1946 qui
1189 1890 1354 1940 suerunt,

94 1965 131 1997 et
149 1963 254 1997 erunt
275 1959 312 1997 in
334 1956 474 1996 mundo
495 1958 649 2004 sanctis;
675 1962 751 1995 tum
775 1955 860 1995 fidei
881 1952 1071 2005 Patribus,
1103 1961 1180 1995 turn
1206 1953 1355 2005 simpli-

96 2023 184 2061 citer
205 2019 391 2059 fidelibus.

152 2082 275 2134 Quum
294 2085 413 2135 magni
436 2082 620 2123 faciendus
642 2081 701 2123 hic
726 2082 931 2123 thesaurus!
954 2085 1060 2136 quam
1081 2085 1244 2122 accurate
1266 2093 1355 2121 ser-
1405 2116 1410 2130 ,

95 2148 236 2188 vandus
249 2177 260 2197 ‚
283 2147 467 2200 augendus
484 2177 494 2196 ‚
516 2161 579 2200 per
599 2147 807 2200 frequentes
828 2154 926 2187 actus
946 2147 1053 2187 fidei!

95 2274 214 2326 legem
236 2276 368 2314 exstitit
387 2275 606 2325 promissum
630 2276 698 2327 ipsi
717 2272 883 2314 Abrahae
895 2279 930 2313 et
942 2275 1075 2314 semini
1098 2275 1243 2325 ejus,ut
1259 2275 1361 2312 esset

98 2340 218 2380 lna-res
238 2339 387 2386 mundi;
413 2339 497 2390 sed,
516 2345 586 2380 etc.

1404 2154 1410 2187 1

153 2210 208 2264 Y.
237 2226 252 2250 ι
263 2210 299 2251 3.
320 2212 409 2250 Non
432 2212 530 2249 cm'm
548 2226 616 2263 per
631 2212 744 2262 Iegem
755 2212 964 2263 promissio,
981 2208 1067 2264 Syr.
1082 2224 1156 2250 non
1169 2210 1271 2250 enim
1290 2220 1359 2261 per
1402 2210 1410 2241 ⁴

1403 2246 1410 2283 ὃ,
