1410 2554
147 65 230 120 ²74
500 81 719 114 turs-‘rom
742 82 808 111 eam
840 78 1041 113 Romanos

199 134 313 177 Fides
332 145 386 178 est
407 141 484 192 spei
507 147 638 180 nostrae
657 140 935 181 tundamentum
954 171 964 190 ,
987 145 1107 183 omnis
1125 143 1215 183 boni
1235 143 1398 185 coelestis

148 198 252 237 radix
266 227 278 247 ‚
295 206 430 240 nostrae
449 200 571 240 saturis
591 202 687 243 basis
697 207 751 242 πὶ
766 203 966 243 substantia
980 233 990 253 ‚
1009 199 1219 256 hypostasis
1239 220 1249 243 z
1272 205 1359 246 hinc
1377 209 1398 246 a

142 257 230 300 Deo
250 263 420 301 continue
439 262 611 315 petenda.

198 323 262 376 γ.
286 341 347 365 12.
369 326 464 364 *Non
495 327 594 364 enim
617 331 672 364 est
692 327 924 366 distinctio...
942 327 1049 366 instat
1067 333 1100 366 et
1122 327 1278 380 explicat
1295 330 1395 381 quod

139 389 343 438 generatim
356 382 469 427 Isaias
484 387 576 426 dixit
599 403 607 426 :
624 389 746 428 omnis
761 419 776 439 ,
793 387 941 429 Graecus
956 391 999 428 sit
1014 389 1072 428 vel
1087 387 1241 429 Judaeus
1252 421 1263 440 ,
1282 390 1397 433 durn-

141 447 255 487 modo
272 447 490 498 crediderit,
511 449 593 500 quia
614 446 715 489 Deus
733 452 809 500 jure
830 451 1021 490 creationis
1041 450 1210 490 dominus
1232 457 1287 491 est
1309 465 1394 492 orn-

141 514 268 558 niurn3
294 519 330 551 et
350 511 493 552 aliunde
505 511 664 552 abundat
681 514 844 553 bonitate
862 520 898 554 et
916 514 1163 554 misericordia
1184 517 1220 553 in
1231 529 1384 557 omnes:

141 575 229 616 hinc
258 579 447 617 neminem
472 576 708 627 credentem,
738 584 774 617 et
802 579 838 617 in
863 591 902 618 se
930 577 1180 619 confidentem
1210 579 1351 632 repellit
1371 583 1392 620 a

140 639 269 679 salute.

195 701 253 754 ss.
293 702 351 742 13.
377 703 513 744 Omnis
534 702 634 740 ent'm
651 702 868 754 quicumque
893 705 1159 744 1'na›oca‹›er1'!....
1191 701 1393 751 Sumuntur

137 764 221 806 haec
243 766 358 806 verba
381 781 429 806 ex
458 763 547 805 Joel·
577 781 613 804 2.
640 762 706 804 32.
730 771 766 804 ct
794 764 854 804 hic
881 768 918 806 in
943 780 1052 807 sensu
1070 769 1229 820 mystico
1251 768 1392 812 intelli-

139 833 284 879 guntur.

190 886 289 929 Nota
305 886 404 940 quod
421 885 576 929 salutern
594 886 656 926 hic
678 887 901 926 invocationi
917 885 1067 935 tribuat,
1090 899 1317 941 quam-supra
1338 887 1390 928 Ε’-

137 949 198 991 dei
219 946 354 990 tribuit.
370 947 470 1004 Sicut
486 957 607 990 autern
623 952 728 1002 supra
745 951 812 989 sub
828 951 979 990 nomine
999 948 1084 989 fidei
1104 949 1281 990 intellexit
1301 964 1392 1005 pro-

134 1015 335 1055 fessionem
363 1015 478 1066 fulci,
505 1023 542 1055 et
571 1022 835 1069 consequenter
858 1016 957 1054 bona
987 1029 1097 1067 opera
1123 1030 1214 1055 :seu
1241 1015 1391 1057 credere

135 1079 284 1122 Christo
311 1087 348 1121 et
366 1083 399 1121 ei
427 1081 603 1128 obedire;
634 1083 681 1124 ita
700 1082 770 1124 sub
792 1083 1024 1121 invocatione
1045 1081 1209 1132 intelligit
1232 1083 1389 1123 invoca—

135 1147 275 1186 tionem
303 1160 386 1186 curn
404 1145 527 1185 debita
553 1146 649 1196 fide,
669 1157 739 1195 spe
757 1175 768 1195 ,
788 1147 1005 1184 contritione
1026 1152 1060 1184 et
1082 1145 1253 1185 charitate
1271 1145 1390 1186 :alio-

135 1211 223 1262 quin
249 1208 404 1256 Turcae,
435 1208 618 1257 haeretici,
636 1214 673 1248 et
702 1209 861 1261 improbi
879 1204 1076 1247 Christiani
1096 1221 1162 1259 per
1183 1208 1298 1248 solam
1316 1207 1389 1250 Dei

133 1273 408 1312 invocationem
422 1270 659 1311 salvarentur.

189 1331 314 1384 Quam
345 1341 478 1385 potens
509 1340 546 1373 et
578 1333 682 1373 dives
701 1338 755 1373 est
772 1334 912 1383 oratio,
931 1335 969 1373 in
998 1336 1096 1384 cujus
1119 1327 1287 1374 manibus
1305 1341 1388 1375 sunt

134 1411 265 1438 ornnes
289 1395 360 1439 Dei
380 1397 516 1438 divitiae
533 1411 542 1435 z
562 1397 681 1435 Petite
699 1403 735 1434 et
752 1397 984 1446 accipietis...
1014 1404 1050 1436 et
1075 1399 1197 1438 omnis
1212 1399 1390 1450 quicum-

134 1474 203 1511 que
218 1460 440 1499 invocaverit
454 1488 465 1506 ‚
487 1464 558 1498 etc.

191 1518 309 1571 Quasi
331 1527 405 1560 tota
423 1518 591 1572 Religio,
614 1514 768 1571 Deique
787 1518 900 1559 cultus
919 1520 956 1559 in
979 1522 1142 1560 oratione
1165 1522 1391 1572 continetur,

133 1583 246 1632 sides,
267 1598 351 1637 spes
367 1613 377 1632 ‚
402 1582 567 1623 charitas.
588 1579 698 1622 Fides
720 1587 816 1629 orat,
838 1583 886 1621 ait
907 1579 952 1620 D.
978 1579 1205 1635 Augustinus
1222 1614 1234 1635 ,
1253 1589 1313 1624 est
1324 1597 1388 1624 ra-

133 1643 198 1684 dix
213 1645 407 1692 orationis,
429 1650 465 1683 et
480 1645 593 1682 oratio
614 1643 714 1694 quasi
732 1643 867 1694 primus
883 1641 968 1681 fidei
987 1641 1055 1681 ssos
1077 1649 1112 1682 et
1130 1642 1278 1685 fructus.

179 1700 282 1756 spa
316 1705 520 1743 orationem
547 1702 670 1750 fulcit·;
694 1701 849 1743 char-itas
872 1703 1035 1743 accendit
1061 1709 1099 1742 et
1125 1706 1294 1745 merirum
1321 1706 1392 1745 tn·-

137 1765 229 1806 buit.

187 1827 330 1871 Omnis
347 1831 408 1884 qui
425 1825 480 1870 sic
499 1844 581 1870 cum
600 1829 694 1880 fide,
712 1844 777 1883 spe
807 1837 843 1871 et
870 1829 1043 1870 charitate
1065 1831 1223 1871 oraverit
1238 1859 1253 1881 ,Ἴ
1269 1830 1391 1872 salvus

135 1897 219 1936 erit.
237 1894 338 1937 Talis
357 1898 474 1936 oratio
489 1902 542 1936 est
558 1894 762 1948 Religionis
781 1898 899 1936 anima
917 1912 925 1935 :
947 1895 1120 1937 homines
1140 1893 1223 1938 Deo
1243 1897 1356 1937 nectit
1376 1910 1388 1943 ;

133 1968 172 2001 ut
193 1960 280 2002 Deo
300 1962 434 2002 cultum
451 1962 616 2002 debitum
633 1962 852 2011 exhibeant,
871 1969 908 2002 et
928 1965 947 2002 a
967 1960 1052 2003 Deo
1070 1964 1198 2016 gratias
1213 1972 1390 2004 necessa-

132 2028 202 2068 rias
222 2028 412 2080 recipiant.
1255 2018 1258 2022 ’

190 2086 355 2135 Domine
376 2087 498 2138 Iesu,
521 2088 614 2131 doce
637 2103 705 2130 nos
721 2103 861 2130 orare.
886 2089 1001 2129 Pater·
1020 2096 1168 2137 noster,
1189 2095 1262 2129 etc.

188 2145 306 2201 114
320 2159 357 2192 et
385 2149 445 2195 13.
467 2151 661 2204 Quomodo
691 2167 774 2205 ergo
808 2153 1072 2197 itwocabrmt...
1097 2151 1277 2204 quomodo
1297 2153 1387 2194 ver&

132 2212 419 2266 praedacahunt,
444 2218 516 2263 etc.
1256 2243 1267 2247 -

189 2274 397 2318 Occasione
415 2274 567 2328 accepta
596 2289 745 2324 eorum,
780 2289 860 2331 qnae
889 2274 983 2316 dixit
998 2276 1046 2317 de
1072 2277 1182 2317 salute
1209 2277 1388 2334 promissa

134 2340 305 2382 omnibus
339 2338 460 2380 Deum
493 2340 772 2384 invocantibus,
801 2338 1005 2389 Apostolus
1036 2352 1139 2380 suam
1167 2336 1393 2381 ‘Gentilibus
