1410 2554
370 45 549 97 ‘ruri-rex
577 45 806 76 nxvosrrro.
839 11 946 87 Cap.)
962 33 1041 103 JX.
1243 49 1327 89 ²¹⁷

458 264 676 312 CAPUT
703 263 937 310 NONUM.

565 388 835 441 Pamphi-osis.

74 471 295 560 Ummu
310 523 348 559 et
365 531 434 558 vos
445 547 457 567 ‚
479 513 503 557 ὁ
523 511 649 557 Judaei
660 544 672 565 ‚
693 515 820 556 tratres
832 516 928 566 mei,
946 516 993 555 ita
1006 511 1093 556 Deo
1109 529 1175 568 per
1190 513 1325 558 Chris·

68 589 147 625 tum
162 582 396 625 adhaereatis!
409 579 612 624 Veritatem
624 581 726 621 enim
737 580 845 620 vobis
864 578 948 619 dico
962 594 971 618 ι
986 586 1099 620 testor
1115 577 1319 631 Christum,

69 646 132 697 qui
148 652 204 686 est
224 647 302 698 ipsa
320 645 472 689 veritas;
495 643 637 682 sincere
659 641 800 693 loquor,
830 653 907 679 non
929 639 1128 681 adulatorie
1158 647 1218 680 aut
1235 641 1323 694 pia-

70 705 176 746 cendi
192 702 322 756 grati&
358 704 460 744 testis
477 708 532 742 est
564 699 654 742 mihi
677 702 899 741 conscientia
916 715 1019 748 meaz
1048 702 1123 741 imo
1146 704 1249 743 testis
1268 709 1325 744 est

68 767 224 824 Spiritus
239 776 404 820 sanctus,
421 769 654 809 conscientiae
669 779 765 807 meae
786 773 910 808 auctor
925 774 961 808 et
978 769 1178 820 inspector.

123 841 225 885 Juro
235 844 356 896 itaque
373 847 411 882 et
427 844 551 882 omnia
571 855 671 882 sacra
689 842 871 889 obtestor,
894 839 993 894 quod
1009 854 1176 887 summo,
1197 841 1271 892 jugi
1286 847 1324 882 et

68 911 297 951 excruciante
316 906 444 948 dolore
466 907 657 957 conficior,
679 908 728 947 ob
739 913 898 947 vestram
914 910 934 946 ὲ
956 902 1110 946 Christo
1126 906 1322 947 alienatio-

66 986 153 1013 nem
165 1002 177 1022 ,
199 977 236 1012 et
251 970 335 1011 ideo
354 971 403 1010 ob
418 976 579 1009 vestrum
596 972 616 1009 a
633 971 765 1021 justitia
783 983 921 1009 casum.

123 1043 233 1086 Adeo
254 1047 387 1099 quippe
403 1058 472 1085 vos
489 1044 600 1098 diligo
613 1075 624 1096 ‚
646 1052 878 1098 vestramque
895 1044 976 1084 zelo
995 1044 1147 1084 salutern
1160 1074 1172 1095 ‚
1190 1051 1231 1085 ut
1249 1058 1319 1098 ego

0 1134 2 1138 ν
67 1110 144 1162 ipse
159 1136 170 1158 ‚
191 1121 301 1161 quern
321 1121 391 1148 nec
417 1120 534 1157 mors,
555 1121 625 1147 nec
642 1110 715 1148 vita
735 1114 903 1161 poterunt
920 1111 939 1147 ὲ
963 1105 1112 1148 Christo
1130 1122 1319 1160 separare,

68 1176 234 1224 optarem
258 1169 306 1208 ab
327 1168 419 1209 illius
448 1170 639 1221 praesentia
657 1174 692 1209 et
709 1168 819 1221 gloria
843 1170 1020 1220 separari,
1037 1171 1067 1209 si
1093 1168 1162 1208 hac
1179 1171 1319 1210 ratione

66 1245 216 1286 possem
234 1246 301 1272 vos
331 1230 457 1272 fratres
480 1245 583 1272 meos
605 1231 651 1272 ad
673 1229 877 1281 Christum,
896 1232 941 1271 ad
969 1234 1162 1283 justitiam,
1179 1233 1227 1273 ad
1254 1247 1317 1274 sa-

63 1293 177 1334 lutem
193 1291 386 1333 adducere.

119 1368 218 1420 Vos,
240 1372 408 1424 inquam,
426 1372 486 1424 qui
502 1371 549 1411 ab
568 1370 626 1411 iilo
645 1371 863 1424 praeceiienti
879 1380 1030 1425 parente
1051 1376 1119 1414 orti
1136 1376 1239 1423 estis,
1254 1377 1317 1428 qui

64 1449 147 1476 cum
166 1432 250 1475 Deo
276 1434 428 1475 luctatus
459 1440 534 1482 est,
556 1440 591 1474 et
623 1435 708 1474 ideo
737 1432 909 1476 Israelitae
940 1438 1083 1483 vocati;
1106 1450 1194 1484 vos,
1223 1451 1319 1490 quos

62 1495 168 1539 Deus
180 1499 216 1537 in
234 1497 328 1537 filios
347 1497 468 1549 etegit,
487 1504 524 1537 et
543 1511 634 1550 quos
647 1511 719 1549 prae
733 1499 875 1538 caeteris
887 1500 1058 1538 omnibus
1080 1498 1315 1550 glorificavit:

66 1573 149 1600 cum
170 1561 300 1613 quibus
317 1558 439 1600 soedus
458 1562 551 1605 iniit;
575 1560 706 1612 quibus
723 1559 841 1612 legem
864 1559 980 1606 dcdit;
1004 1573 1098 1613 quos
1116 1559 1233 1603 divini
1250 1560 1313 1600 ob·

63 1625 180 1676 sequii
196 1624 374 1663 rationem
393 1623 536 1670 docuit;
561 1624 691 1675 quibus
717 1621 891 1662 Messium
909 1629 946 1663 et
970 1622 1123 1663 suturam
1139 1637 1204 1676 per
1227 1636 1314 1664 euin

16 1711 26 1716 -
61 1685 231 1735 iustitiam
246 1691 282 1724 et
301 1683 598 1725 benedictionem
611 1686 788 1738 promisit.

116 1759 285 1812 Quorum
310 1764 615 1816 primogenitores
633 1769 718 1803 sunt
735 1764 849 1803 sancti
869 1759 1110 1810 patriarchae,
1133 1768 1190 1812 et,
1211 1762 1313 1816 quod

61 1826 299 1878 praecipuum.
319 1838 367 1864 ex
385 1825 515 1877 quibus
533 1821 698 1864 Christus
720 1830 915 1878 prognatus
939 1830 994 1864 est
1009 1822 1213 1864 seeundum
1226 1837 1314 1864 car-

60 1899 161 1926 nem.
182 1884 284 1937 Quid
302 1883 444 1937 majus?
477 1899 563 1926 nam
590 1882 756 1926 Christus
784 1884 886 1926 Deus
914 1892 992 1934 est,
1027 1900 1093 1938 per
1111 1888 1255 1937 omnia,
1276 1893 1315 1928 et

58 1963 168 2003 super
184 1951 306 1989 omnia
318 1980 330 2001 ‚
348 1956 385 1990 et
399 1951 436 1989 in
453 1963 603 1989 omnem
617 1951 858 1990 aeternitatem
876 1949 1151 1990 benedicendus
1165 1952 1233 1990 :ita
1250 1952 1310 1991 sit.

112 2028 218 2071 Licet
244 2036 383 2081 autem,
407 2038 447 2071 ut
476 2031 568 2079 dixi,
588 2036 807 2085 magnopere
826 2033 974 2074 doleam
989 2040 1023 2073 et
1047 2033 1243 2075 discrucier
1261 2033 1310 2073 ob

57 2086 275 2133 ludaeorum
298 2097 318 2133 ὲ
335 2095 468 2143 justitia
489 2107 637 2139 casum:
659 2107 734 2134 non
751 2095 837 2135 ideo
853 2098 973 2136 sentio
994 2097 1093 2149 quod
1115 2098 1221 2137 irritae
1238 2098 1313 2138 sint

19 2161 22 2166 ’
55 2149 131 2192 Dei
160 2156 418 2206 promissiones
446 2153 610 2196 Abrahae
632 2155 757 2206 saetae,
791 2171 857 2209 pro
888 2155 1083 2198 Israelitis:
1104 2172 1179 2198 non
1210 2160 1311 2198 enirn

5 2238 8 2242 ·
57 2227 203 2265 ornneS,
222 2217 283 2268 qui
301 2230 347 2257 ex
364 2215 498 2258 lsraeie
512 2220 585 2258 nati
601 2224 709 2269 sunt,
734 2221 812 2259 veri
833 2227 916 2260 sunt
934 2218 1131 2271 Israelitae‚
1151 2221 1197 2261 ad
1218 2234 1312 2274 quos

57 2282 194 2331 spectat
211 2277 336 2320 divina
350 2283 556 2333 promissio.
723 2311 730 2321 .

299 2343 310 2377 1
320 2365 331 2377 .
1028 2348 1069 2380 10
