1410 2554
0 0 193 485 1

0 288 6 358 1

380 45 593 120 ‘rahasia'
590 40 855 102 &hosimus
855 45 965 110 Cap.
989 55 1070 103 ΙΙ.
1300 53 1364 117 99

96 110 289 190 &diuiti
290 124 451 175 omnin&
476 119 704 201 credentium
729 126 857 169 Pater
862 134 917 193 est
943 142 1009 181 per
1040 125 1254 192 exemptum
1275 126 1363 174 fidei

98 190 190 238 stite.
248 208 253 212 ¹

157 256 229 298 Cui
245 253 410 298 medtdlt.
430 248 513 296 Hic
535 252 735 310 Apostolus
761 253 873 294 fidem
893 249 1059 308 Abrahae
1091 254 1361 301 commendam

99 325 161 377 qui
180 320 339 363 credidit·
350 319 497 370 Deum,
517 321 577 373 qui
601 320 724 360 omnia
745 322 880 370 potest.

159 387 240 441 Qui
253 384 425 438 vivificat
449 391 642 434 mortuos,
666 383 704 424 id
724 388 804 432 est,
829 382 889 435 qui
922 387 1043 436 potest
1065 383 1217 423 mortuis
1250 384 1363 427 vitam

98 446 208 498 dare3
228 463 291 489 seu
310 449 369 500 qui
386 460 477 502 quos
498 445 598 495 vult,
620 440 766 486 suscitat
783 460 804 484 a
824 445 991 491 mortuis
1011 443 1060 485 Ee
1085 452 1198 485 vocat
1218 461 1263 485 ea
1282 462 1364 499 quoe

100 524 175 552 nrm
193 518 302 560 sunt,
323 509 361 552 id
391 516 468 560 est,
486 523 563 550 non
591 509 786 550 existentia
805 511 951 548 vocate
977 507 1116 560 nihilo,
1147 515 1183 548 et
1211 523 1253 550 ea
1278 508 1364 558 facit

101 575 259 616 existere
284 590 293 614 ι
324 576 385 629 qui
408 573 543 629 aequaie
571 573 765 625 imperium
796 571 909 611 habet
941 573 977 611 in
1005 586 1082 612 non
1105 573 1300 612 existentia
1329 579 1365 613 et
1400 569 1408 576 ’

101 639 292 678 existentia
308 652 316 676 :
332 642 463 683 vocat,
487 642 522 675 ot
538 640 634 675 sunt.
653 630 833 684 Credidit,
857 635 1025 686 inquam,
1044 630 1168 674 Deum
1187 635 1366 688 omnipo-

100 704 240 740 tentem
270 699 371 740 facite
403 701 471 740 sibi
508 701 778 753 praestiturum,
811 697 910 752 quod
941 698 1199 749 promittebam
1229 711 1365 752 nempe

101 761 199 814 quod
219 760 470 819 suturusesset
481 758 588 815 Pater
605 761 786 812 omnium,
803 758 1049 812 &sinendum
1063 766 1159 800 esset
1171 761 1238 812 ipsi
1256 759 1361 808 filius,

97 829 267 875 essetque
282 836 398 863 senex
417 828 452 862 et
473 819 559 862 Sara
575 821 724 870 sterilis,
745 827 781 860 et
799 821 914 860 aetatis
934 827 1132 874 provectae.

156 884 288 938 Agitur
301 884 363 926 hie
380 918 386 936 ,
404 899 479 926 non
503 885 550 924 de
566 885 752 924 oblatione
771 880 895 932 Isaac,
929 882 996 924 s'ed
1011 882 1058 922 de
1075 884 1152 932 ejus
1171 888 1251 922 ortu
1271 897 1364 935 pro-

98 950 226 990 misso.
258 945 384 1000 Itaque
418 945 671 998 intelligendus
703 950 756 984 est
786 951 908 984 textus
940 943 987 984 de
1015 950 1182 985 emortuo
1212 959 1365 999 corpore

98 1010 262 1053 Abrahae
291 1017 330 1050 et
351 1008 474 1061 Sarae,
509 1010 638 1063 quibus
665 1008 766 1048 dedit
795 1006 900 1048 Deus
931 1008 1131 1060 generandi
1162 1011 1364 1049 virtutem:

99 1082 223 1129 potest
241 1081 363 1115 tamen
384 1077 493 1114 etiam
519 1072 723 1127 Apostolus
743 1072 901 1112 alludere
925 1071 972 1111 ad
991 1069 1102 1111 Isaaci
1132 1070 1363 1112 immolatio-

99 1152 210 1189 nem,
233 1146 341 1191 quern
356 1136 544 1179 Abraham
577 1135 809 1183 immolavit,
832 1133 988 1174 credens
1027 1131 1151 1173 Deum
1177 1136 1196 1174 ὲ
1214 1137 1365 1177 mortuis

102 1201 203 1243 ilium
223 1216 332 1253 posse
351 1203 536 1241 suscitare.

155 1264 214 1318 Υ.
238 1265 298 1306 18.
318 1263 399 1319 Qui
417 1272 545 1304 contra
560 1276 661 1316 spem
675 1262 711 1300 ιή
723 1276 824 1314 spem
836 1260 1011 1302 credidit.
1027 1257 1070 1300 ld
1084 1268 1154 1307 est,
1170 1262 1229 1315 qui
1247 1257 1366 1302 Abra-

99 1330 186 1372 ham
203 1333 250 1371 ita
270 1331 440 1380 credidit,
454 1335 491 1369 ut
511 1342 557 1368 ex
577 1325 649 1367 Dei
663 1328 774 1379 gratia
788 1332 823 1366 et
836 1324 962 1365 divina
977 1327 1222 1377 promissione
1237 1339 1364 1379 spera-

98 1398 154 1435 ret
167 1392 265 1446 quod
283 1392 486 1432 secundum
501 1397 640 1430 naturae
651 1391 746 1429 vires
761 1395 835 1428 erat
850 1387 1090 1440 impossibile.
1107 1388 1245 1428 Contra
1259 1404 1363 1441 spem

99 1445 257 1504 naturae,
281 1469 345 1495 seu
365 1453 533 1494 naturalis
553 1454 725 1507 potentiae
747 1454 972 1504 genet-ativae
988 1483 999 1503 ,
1023 1453 1178 1491 credidit
1198 1455 1235 1492 in
1256 1466 1362 1505 spem

100 1519 226 1570 gratim⁴
244 1523 279 1556 et
303 1515 437 1555 divinae
460 1516 656 1568 potentiae,
676 1513 858 1567 atficta,
878 1513 915 1552 id
936 1520 1015 1563 est,
1038 1512 1135 1566 quod
1154 1513 1256 1553 fieret
1279 1510 1363 1553 Pa-

101 1584 212 1617 ten...
229 1576 431 1615 secundem
455 1576 553 1629 quod
564 1576 706 1633 ¹dictum
726 1582 782 1614 cst
800 1576 861 1622 εἰ,
888 1573 1028 1615 Genes.
1054 1574 1115 1614 15.
1133 1576 1188 1614 sic
1203 1576 1273 1613 erit
1297 1590 1362 1614 se-

102 1657 186 1682 men
199 1649 320 1694 tuum,
341 1656 495 1696 nempe,
518 1649 558 1681 ιιι
576 1642 693 1681 stellae
713 1638 802 1681 coeli
818 1654 832 1676 .-
853 1640 951 1694 quod
971 1654 1020 1681 ex
1038 1642 1150 1680 citato
1169 1640 1250 1683 loco
1264 1641 1359 1682 sub-

97 1705 252 1786 auditur.

154 1767 208 1826 y.
232 1782 292 1822 ¹9·
311 1767 365 1806 Et
379 1782 453 1806 non
470 1767 688 1819 infirmatus
706 1774 760 1806 est
774 1766 935 1818 infide,
954 1767 992 1807 id
1012 1775 1087 1818 est,
1108 1782 1182 1809 non
1202 1770 1361 1813 vacilla-

99 1829 154 1868 vit
171 1828 261 1868 fides
277 1829 382 1878 ejus:
407 1843 474 1867 nec
499 1829 744 1868 consideravit
764 1844 896 1882 corpus
921 1844 1028 1868 suum
1047 1838 1277 1881 emortuum,
1298 1848 1358 1874 ret

99 1897 227 1944 spectu
254 1893 393 1932 virtutis
411 1897 656 1944 generatim
682 1908 746 1934 seu
767 1896 931 1948 ineptum
961 1896 1006 1936 ad
1026 1896 1194 1937 sobotem
1211 1897 1356 1940 haben-

101 1954 198 1995 dam.
220 1956 318 1995 Eum
327 1955 508 2008 jamscre}
528 1964 673 1998 centum
687 1989 699 2009 ,
718 1962 918 2012 nonaginta
937 1974 1089 2001 novem.

156 2017 208 2057 Et
222 2027 431 2060 emortuam
452 2022 600 2061 vulvam
613 2021 740 2070 δαν-ω,
766 2025 961 2075 conceptui
987 2038 1060 2064 non
1077 2031 1213 2078 aptam,
1229 2033 1357 2080 utpote*

100 2094 310 2135 nonagenai
314 2097 369 2125 1ae

155 2141 207 2192 Y.
230 2160 295 2186 20
312 2146 362 2186 In
395 2149 678 2199 repromissrone
694 2151 809 2192 mam
828 2149 905 2189 Det
918 2165 990 2190 nor.-
1024 2151 1212 2192 hoesitaoie
1239 2153 1354 2207 diffi-

99 2203 236 2246 dentitl.
275 2203 342 2270 Gr.
369 2208 407 2247 in
440 2213 762 2262 repromissionem
776 2242 787 2262 ‚
827 2227 891 2253 seu
931 2218 1058 2253 contra
1088 2217 1353 2288 repromissio—

98 2278 204 2317 nem,
207 2265 302 2308 ''etc.
314 2282 388 2310 non
395 2266 644 2326 disceptavit,
664 2289 729 2314 seu
756 2275 978 2328 disputavit,
1003 2275 1038 2315 id
1063 2282 1141 2326 est,
1163 2291 1212 2316 ne
1234 2278 1353 2317 mini-

98 2331 201 2371 mhm
229 2331 378 2385 quidem
397 2334 526 2377 diffidit
547 2337 594 2378 de
627 2335 703 2379 Dei
727 2341 931 2393 promisso;
956 2339 1025 2379 sed
1042 2336 1272 2391 consor-latus
1298 2348 1358 2380 est
