1410 2554
72 59 150 109 104
437 69 651 100 mus-rome
670 63 741 99 'Au
765 68 975 101 nummos

125 125 279 171 Christe
301 131 462 171 moriens
478 136 513 170 et
531 144 596 183 pro
621 143 683 170 me
697 127 880 178 moriem,
900 132 950 170 sis
968 137 1200 183 peecatorum
1215 146 1331 175 meo·
1400 126 1410 180 '2

68 205 268 234 rummors
297 209 308 234 ε
332 191 479 234 Christe
507 207 727 248 resurgens,
756 194 805 233 sis
825 194 959 232 animae
978 206 1075 234 meae
1091 194 1210 247 saius,
1229 197 1330 244 vita,
1404 199 1406 202 '

7 263 18 275 “
68 258 299 299 resurrectio.

121 317 198 360 Sed
217 321 309 360 circa
331 319 404 360 hoc
421 320 508 360 fidei
531 325 668 360 nostrae
685 318 871 369 objectum
886 347 896 366 ‚
916 324 1004 358 nota
1021 318 1121 371 quod
1140 325 1266 359 nostra
1287 314 1331 359 fi-

65 383 134 424 des
150 389 297 436 superet
313 380 479 423 Abrahae
497 382 625 422 fidem.

121 442 290 485 Credidit
310 442 504 485 Abraham
523 447 560 484 in
589 442 717 484 Deum
735 443 796 496 qui
814 445 961 483 suscitat
991 449 1156 483 mortuos
1170 471 1180 491 ,
1206 447 1245 482 et
1267 443 1331 495 qui

63 505 152 546 ideo
197 513 341 558 poterat
369 505 636 560 omnipotenti&
668 504 732 544 sua
769 505 982 556 corporibus
1014 507 1114 558 quasi
1154 499 1331 544 emortuis

62 566 230 610 Abrahae
253 577 287 610 et
305 567 404 610 Sarae
433 571 518 610 dare
547 571 721 609 virtutem
741 567 942 620 generandi
960 567 1154 607 sobolem:
1176 579 1330 618 corpora

61 639 186 672 autem
207 629 371 674 Abrahae
392 640 429 674 et
447 631 548 674 Sarae
566 645 642 671 non
665 637 766 671 erant
788 633 875 670 vere
902 636 1045 669 mortua
1059 660 1070 680 ,
1095 629 1169 681 ¹sed
1189 630 1332 668 tannim

63 694 231 748 figurate.
284 723 285 726 =

125 753 208 796 Nos
227 761 321 797 vero
351 757 533 797 credimus
560 758 597 796 in
617 753 743 795 Deum
759 783 771 803 ‚
801 755 862 806 qui
882 751 1013 794 Jesum
1036 748 1222 793 Christum
1242 757 1330 794 vere

61 825 274 870 mortuum,
307 825 396 861 vere
425 824 445 860 a
476 821 625 860 mortuis
652 818 862 864 suscitavit,
883 829 1073 867 nunquam
1103 818 1333 858 moriturum.

55 884 183 939 'Maius
201 898 292 939 ergo
312 884 398 938 quid
406 884 594 924 credimus
612 885 719 936 quern
739 879 839 934 quod
854 876 1047 918 Abraham
1065 877 1233 919 credidit.

118 948 233 991 Adde
257 949 355 1002 quod
382 947 563 988 credimus
585 951 762 998 praeterea
780 943 806 985 J
811 959 913 985 esum
933 958 998 997 pro
1019 943 1178 995 peccatis
1197 943 1332 983 nostris

61 1016 151 1055 vere
167 1019 372 1059 mortuum,
387 1016 424 1050 et
444 1015 592 1062 propter
604 1007 898 1058 justificationem
916 1012 1079 1047 nostram
1095 1005 1326 1043 suscitatum:

64 1078 127 1130 qui
145 1075 218 1116 duo
236 1080 319 1114 sunt
335 1073 393 1112 aiii
412 1071 550 1111 articuli
559 1070 766 1110 naturaiiter
784 1065 1200 1121 incomprehensibilem
1222 1073 1258 1106 et
1276 1067 1328 1106 ob

64 1152 157 1192 quos
187 1137 281 1177 fides
308 1141 431 1175 nostra
465 1146 585 1174 rursus
609 1135 727 1184 maior
752 1136 828 1181 est,
863 1128 985 1183 quoad
1013 1128 1224 1179 objectum,
1251 1125 1330 1168 fide

63 1200 249 1244 Abrahae.

118 1262 203 1306 Nec
224 1264 299 1304 hoc
315 1265 446 1305 mirum
465 1268 544 1313 est,
570 1261 601 1300 si
630 1266 696 1312 pro
714 1257 827 1298 modo
850 1256 1081 1299 revelationis
1113 1254 1268 1294 creverit
1289 1258 1329 1294 et

63 1328 197 1434 fideSsed
213 1392 313 1432 bene
328 1396 417 1431 nota
436 1387 534 1443 quod
550 1401 615 1442 pro
634 1385 748 1427 modo
765 1383 854 1426 fidei
869 1384 986 1424 crevit
1006 1388 1041 1423 et
1054 1380 1226 1433 obligatio
1239 1381 1328 1420 vitae
1375 1371 1379 1373 ¹

64 1455 279 1500 sanctioris;
304 1455 367 1494 ubi
386 1455 487 1493 enim
513 1450 616 1491 Deus
642 1450 720 1503 plus
745 1448 917 1495 contulit,
937 1446 1016 1498 ptus
1034 1450 1071 1485 et
1091 1444 1218 1495 exigit.

122 1514 227 1556 Hinc
244 1514 442 1557 Christiani
457 1513 596 1553 debent
611 1511 873 1564 antiquioribus
886 1506 1058 1547 fidelibus
1072 1534 1084 1555 ‚
1104 1505 1215 1544 etiam
1238 1501 1329 1556 ipsis

63 1577 312 1631 patriarchis,
347 1591 428 1619 esse
460 1577 681 1622 sanctiores,
698 1579 827 1625 utpote
855 1568 1056 1621 majoribus
1089 1566 1199 1615 donis
1226 1575 1331 1619 prae-

66 1644 185 1684 venti.
256 1697 261 1702 ι
