1410 2554
0 0 583 52 ῤ-ἠ

0 54 5 85 ÷
77 83 81 86 .

345 103 530 142 num
556 102 787 143 exrosmo.
811 89 1328 153 Gap.V111.185

88 166 181 231 y„
202 182 241 209 2.
259 166 338 214 Lex
352 166 452 206 enim
470 163 624 220 spir-itus
639 166 737 205 vitoe
748 191 764 212 ,
790 162 829 204 id
855 169 954 213 est,
977 161 1038 203 lex
1057 161 1205 216 spiritus
1222 165 1328 213 vivi-

74 217 244 280 Biantis,
262 241 327 270 seu
346 228 457 280 gratia
478 240 587 280 quam
606 223 762 278 Spiritus
779 229 926 265 sanctus
942 224 981 264 in
1000 223 1172 264 cordibus
1191 227 1328 266 nostris

71 295 270 348 imprimit,
290 291 332 331 in
357 291 502 333 Christo
518 286 640 338 Jesu,
673 288 711 330 id
726 294 805 338 est,
827 302 904 342 per
900 285 1001 329 Jesu
1031 285 1167 328 Christi
1199 292 1329 330 merita

73 355 241 396 liberauit
257 367 316 394 me
333 354 358 391 ὰ
375 353 482 403 lege,
512 351 552 392 id
569 353 672 400 esna
691 349 879 392 dominatu
913 354 947 389 et
965 350 987 387 a
1014 354 1116 388 reatu
1129 351 1336 403 concupis1

74 417 218 458 centiae.

130 477 225 523 Haec
250 478 347 518 enim
363 475 475 529 gratia
499 473 697 524 concedit,
716 480 755 513 ut
781 473 864 514 licet
885 475 1193 528 concupiscentiae
1207 482 1331 518 motus

74 542 254 590 sennam,
277 540 331 579 eis
353 544 478 580 tamen
498 551 575 578 non
595 538 835 577 consentiam.

126 600 228 644 'Nota
263 601 362 657 quod
387 602 499 654 gratia
530 600 660 640 dicitur
675 601 757 649 lew,
785 601 868 652 quia
902 602 1048 652 instigat
1078 599 1125 640 ad
1158 603 1326 651 bonulus

74 672 167 712 sicut
183 667 301 709 fomes
317 667 445 710 dicitur
461 666 524 704 Iex
535 667 684 719 peccati
695 694 710 712 ,
735 665 818 718 quia
832 664 880 704 ad
892 665 1025 704 malum
1042 668 1190 707 excitat.

131 731 304 774 Observa
329 729 432 783 quod
465 728 545 769 haec
575 731 686 783 gratia
708 730 746 771 in
780 728 950 770 cordibus
979 731 1112 770 nostris
1143 734 1164 770 a
1191 729 1329 787 Spiritu

76 800 202 838 sancto
229 792 451 845 inspiratur,
485 796 526 830 ut
550 789 589 829 in
612 790 680 831 illis
700 796 850 842 regnet,
877 792 1067 844 passiones
1099 792 1330 845 subigend93

77 860 169 899 sicut
183 857 304 899 lexin
327 857 490 919 imperiis
509 863 662 909 regnat,
682 857 878 908 omniaque
898 858 935 895 in
958 869 1024 896 suo
1047 857 1178 899 ordine
1195 866 1331 900 servat.

131 919 235 963 Cave
251 923 371 974 ltaque
399 933 447 960 ne
465 920 692 971 passionibus
725 918 962 963 obediendo
1001 920 1168 972 spiritum
1196 923 1281 962 vitae
1307 926 1330 963 e

80 985 190 1026 corde
220 991 282 1025 tuo
318 981 502 1035 expellas;
526 986 567 1021 ut
595 987 630 1022 te
659 995 780 1022 rursus
808 984 1115 1034 concupiscentiae
1145 985 1331 1036 tyrannidi

76 1047 263 1088 submitas.
283 1042 316 1086 F
318 1039 653 1093 tustraChristiano
671 1044 822 1082 nomine
836 1042 1054 1096 gloriareris,
1082 1042 1219 1084 Christi
1235 1042 1331 1098 Spi-

0 1164 2 1169 7
68 1112 186 1154 ,ritum
201 1123 276 1150 non
286 1107 446 1149 habens.
466 1103 627 1148 Carnalis
658 1104 779 1156 sores,
803 1119 879 1146 non
900 1103 1126 1148 Christianus
1143 1138 1153 1158 ‚
1176 1115 1215 1149 ut
1231 1107 1285 1160 Ῡ.
1304 1109 1331 1151 5

0 1210 6 1216 .
79 1182 116 1219 et
138 1191 178 1230 9.

134 1235 181 1281 JV.
202 1238 241 1279 3.
257 1236 363 1277 Nam
382 1232 576 1288 quoderat
589 1236 814 1287 impossibile
833 1235 931 1287 legi,
955 1243 1024 1276 etc.
1041 1232 1129 1292 Syr.
1142 1252 1230 1280 narn
1248 1242 1334 1286 cum

79 1305 263 1356 impotens
280 1306 377 1340 esset
394 1300 454 1339 lex
467 1330 477 1350 ,
509 1306 657 1351 propter
674 1298 921 1339 infirmitatem
945 1302 1061 1340 carnis
1079 1318 1087 1347 ;
1111 1304 1210 1343 misit
1228 1300 1332 1344 Deus

76 1362 216 1408 ‚Filium
235 1362 394 1403 suumin
422 1360 658 1400 similitudine
687 1362 802 1399 carnis
823 1362 958 1412 peccati
977 1389 989 1409 ,
1022 1369 1174 1416 propter
1195 1378 1333 1416 pecca-

79 1433 155 1466 tum
169 1454 181 1474 ,
201 1430 239 1463 ut
258 1435 359 1463 reum
376 1428 562 1475 perageret
575 1427 767 1472 peccatum
784 1423 820 1460 in
833 1435 939 1461 carne
957 1422 1085 1473 ipsius.

132 1485 254 1529 Divus
271 1482 558 1536 Chrysostomus
585 1484 695 1522 vertit
719 1482 845 1522 clarius
865 1498 874 1522 ε
900 1481 1001 1523 Nam
1023 1484 1122 1536 quod
1141 1485 1201 1526 lex
1229 1502 1332 1540 prae-

32 1573 35 1577 ›
83 1555 178 1590 stare
195 1560 270 1586 non
297 1550 438 1598 poterat
459 1558 506 1584 ex
533 1550 635 1596 parte
649 1574 660 1594 ,
682 1543 750 1597 qua
777 1545 966 1587 imbecillis
991 1553 1064 1586 erat
1083 1555 1232 1601 propter
1249 1564 1334 1590 car-

80 1624 193 1656 nem;
214 1607 286 1648 hoc
302 1605 405 1648 Deus
423 1609 568 1659 proprio
581 1604 674 1646 Filio
692 1608 803 1645 misso
821 1608 889 1646 sub
906 1610 1027 1658 specie
1048 1612 1164 1648 carnis
1184 1618 1333 1664 peccato
1381 1600 1393 1606 ’

7 1694 10 1697 ,
83 1670 259 1711 obnoxiae
286 1668 453 1721 proestitit
476 1681 485 1704 :
510 1679 552 1705 ae
580 1665 627 1705 de
661 1672 813 1720 peccato
835 1666 1019 1706 damnavit
1041 1675 1233 1720 peccatum
1267 1684 1333 1724 per

90 1748 119 1774 ‘a
139 1745 238 1775 nem.
345 1769 354 1776 .

79 1749 98 1776 ι
121 1748 209 1836 rHis
229 1796 350 1846 itaque
367 1790 491 1832 verbis
510 1786 715 1842 Apostolus
731 1790 889 1830 ostendit
914 1793 950 1830 in
970 1792 1078 1831 nobis
1096 1806 1163 1846 per
1184 1796 1336 1846 gratiam

82 1859 279 1913 praestitum
301 1868 410 1904 esse,
440 1851 539 1906 quod
559 1852 620 1894 lex
650 1859 820 1906 praestare
847 1867 924 1894 non
948 1857 1090 1907 potuit,
1115 1857 1250 1898 scilicet
1284 1859 1337 1898 ti-

83 1924 312 1964 hermionem
339 1922 360 1958 a
389 1917 575 1957 dominatu
607 1923 644 1958 et
675 1920 696 1957 a
735 1925 835 1959 reatu
867 1922 1208 1974 concupiscentiae,
1242 1923 1334 1976 legis

81 1977 362 2030 impletionem,
379 1985 442 2012 seu
462 1973 645 2023 justitiam.
661 1971 719 2024 y
741 1974 780 2023 4

77 2052 106 2090 {²5}
133 2038 243 2078 Nam
260 2035 358 2088 quod
374 2041 455 2073 erat
471 2034 699 2086 impossibile
725 2035 808 2086 legi.
830 2032 899 2076 Gr.
923 2035 1038 2088 legis,
1067 2037 1104 2077 id
1132 2046 1211 2090 est,
1234 2038 1337 2093 quod

81 2106 143 2151 lex
161 2102 324 2150 Mos-aina
343 2106 517 2153 praestare
534 2114 609 2140 non
640 2107 807 2154 poterat,
830 2102 868 2140 in
887 2116 956 2154 quo
974 2133 986 2155 ,
1018 2103 1056 2142 id
1089 2111 1172 2153 est,
1209 2119 1256 2146 ex
1287 2119 1335 2147 eo

84 2167 210 2222 quod,
234 2179 298 2207 seu
312 2166 350 2205 in
383 2169 557 2217 quantum
590 2167 670 2203 erat
691 2163 859 2213 infirma,
896 2180 964 2218 per
990 2181 1163 2215 carnem,
1190 2168 1232 2208 id*
1249 2176 1305 2210 est
1322 2200 1334 2217 ,

81 2242 159 2285 non
178 2229 215 2267 in
229 2223 344 2278 seipsa
359 2254 370 2275 ‚
396 2223 464 2264 sed
487 2228 635 2277 propter
663 2223 845 2264 infirmam
864 2223 1058 2266 hominum
1089 2241 1258 2268 carnem:
1284 2243 1336 2271 ne

79 2291 202 2344 legem
221 2289 383 2330 videatur
416 2286 643 2339 calumniari,
663 2287 911 2329 infirmitatem
926 2290 1120 2343 adscribit,
1143 2307 1219 2333 non
1237 2293 1334 2345 legi,

17 2406 27 2417 ἱ
80 2353 148 2396 sed
167 2353 278 2396 carni.
295 2348 347 2392 D·
365 2345 502 2406 Chrys.
516 2349 618 2391 Deus
636 2365 647 2401 ·‚
668 2349 797 2406 supple
814 2364 897 2392 cum
917 2348 967 2392 D.
1001 2349 1135 2407 Chrys.
1157 2356 1340 2408 praestitit.

320 2419 358 2448 ι.
1077 2411 1119 2455 8⁴
