1410 2554
162 73 244 117 208
460 78 465 84 '
531 71 745 115 zmsrou'z
761 86 819 115 no
834 85 1048 117 nonanus.
1074 93 1085 98 =·

161 145 364 199 explicetur
394 158 461 198 per
491 144 624 186 claram
653 145 820 196 ejusdem
849 142 1021 198 Apostoli
1050 147 1345 200 propositionem
1359 172 1362 177 ·
1377 155 1410 192 et

162 214 390 250 constantem
407 206 634 247 doctrinam:
652 207 753 246 Deus
763 207 844 246 vult
857 221 986 246 omnes
1003 202 1173 248 hommes
1186 208 1410 261 saloosfien‘

217 268 313 321 Quia
333 283 420 322 ergo
439 268 525 309 huic
553 268 658 309 clarae
676 274 713 308 et
732 271 911 309 constanti
928 268 1103 310 doctrinae
1122 270 1345 313 conformior
1361 280 1410 312 est

161 333 356 386 explicatio
375 331 570 384 praedicta,
589 331 636 370 sit
651 330 874 382 probabilior
890 322 935 372 Ῠ.
953 328 1019 370 28.
1039 345 1091 385 29
1101 337 1136 371 et
1157 330 1219 372 30.
1231 334 1410 386 interpren-

163 397 263 436 tatio.
285 393 483 436 Nescimus
510 391 597 446 quid
611 421 622 442 ‚
639 398 699 432 aut
718 392 868 444 qualiter
888 390 1089 438 orandum;
1111 394 1251 433 scimus
1266 402 1410 444 autem,

161 458 335 511 quoniam
349 486 361 506 ‚
381 455 558 507 dirigente
573 452 645 495 Dei
662 452 913 495 misericordia
929 483 941 504 ‚
961 452 1093 493 omnia
1114 464 1361 510 cooperantur
1374 458 1410 500 in

162 520 296 559 bonum
308 546 323 566 ,
346 518 392 557 iis
410 543 548 557 .....
567 529 660 569 quos
677 513 781 556 Deus
798 515 937 568 diligit,
955 522 1083 568 utpote
1093 531 1185 570 quos
1199 547 1211 567 ‚
1229 532 1279 559 ex
1296 519 1410 560 bene-

159 580 246 621 volo
267 578 388 620 cordis
407 580 461 619 sui
505 579 666 632 reposito
678 605 690 626 ‚
709 578 755 618 ad
770 578 883 619 fidem
903 583 941 618 et
960 579 1111 630 gratiam
1124 579 1410 622 sanctificantem

160 637 307 676 vocavit
321 650 332 683 3
346 640 383 675 et
398 635 460 687 qui
519 647 604 674 eum
617 631 769 684 diligunt
786 664 798 685 ,
815 638 964 685 utpote,
981 634 1043 685 qui
1056 630 1142 674 Deo
1158 637 1304 677 vocanti
1317 636 1410 677 obe-

160 699 278 740 diunt.
837 696 839 698 ’
1398 691 1403 697 ’

213 769 322 811 Nam
345 781 437 821 quos
466 769 680 820 pra-scivit,
708 781 774 820 per
801 769 924 819 gratiae
954 782 1028 808 suae
1051 768 1226 808 auxilium
1243 795 1258 816 ,
1288 774 1326 809 et
1349 782 1410 821 pet

159 831 315 874 liberum
341 829 539 871 voluntatis
561 843 691 870 eorum
721 842 968 879 consensum,
990 828 1068 870 sore
1086 828 1299 870 conformes
1310 828 1410 883 Filio

158 907 226 934 suo
239 923 249 941 ‚
268 892 467 946 exemplari
481 897 606 930 nostro
620 909 628 939 ;
645 890 732 933 tales
746 904 810 942 per
821 905 925 931 suam
937 892 1086 943 gratiam
1101 889 1180 930 sore
1194 891 1390 944 praesciens
1399 921 1410 941 ,

155 955 452 1008 pradestinavit,
468 952 515 992 ad
527 951 621 992 hanc
630 966 714 992 cum
731 949 825 992 Filio
840 967 907 992 suo
922 952 1212 993 conformitatem
1226 967 1236 1000 ;
1253 958 1291 993 ut
1301 944 1410 994 Jesus

158 1015 333 1059 Christus
357 1047 368 1066 ‚
388 1019 470 1071 qui,
488 1022 526 1055 ut
561 1013 689 1062 Deus,
717 1023 772 1055 est
792 1018 1019 1068 unigenitus3
1052 1022 1090 1055 ut
1110 1015 1249 1064 homo,
1269 1018 1316 1056 sit
1333 1019 1410 1070 pri-

157 1082 365 1132 mogenitus
396 1081 491 1118 inter
517 1077 650 1118 multos
670 1077 796 1118 fratres
826 1078 1044 1129 adoptatos,
1073 1084 1110 1117 et
1140 1091 1204 1130 per
1234 1079 1410 1129 gratiam,

156 1142 293 1184 divinae
307 1148 446 1182 naturae
463 1146 652 1180 consortes
663 1169 674 1189 ‚
691 1146 728 1179 et
749 1135 843 1180 Jesu
860 1136 995 1179 Christi
1015 1138 1155 1179 fratres.

215 1204 321 1257 Quos
330 1211 456 1243 autem
469 1231 481 1251 ‚
498 1201 587 1246 tales
605 1200 744 1242 futuros
763 1204 959 1254 praesciens
971 1199 1248 1253 proedestinaoit
1260 1231 1273 1249 ‚
1292 1202 1362 1242 hos
1374 1208 1410 1243 et

155 1269 318 1315 vocavit,
340 1273 376 1306 et
394 1264 649 1318 justificavit,
668 1271 704 1305 et
734 1267 770 1304 iu
803 1267 934 1316 justitia
953 1271 1230 1318 perseverantes
1254 1266 1352 1316 glori
1387 1283 1410 1291 -

156 1333 268 1370 cavie.
450 1355 455 1360 «
1342 1370 1350 1377 ,

211 1388 256 1434 77.
277 1391 343 1432 31.
367 1390 469 1443 Quid
485 1403 569 1441 ergo
586 1389 749 1429 dicemus
763 1389 816 1428 ad
827 1390 909 1430 haec
924 1417 935 1429 .
955 1418 965 1429 .
985 1417 996 1430 .
1014 1419 1023 1428 .
1039 1392 1123 1428 chin
1144 1395 1239 1429 tanta
1261 1390 1308 1428 sit
1324 1383 1408 1429 Dei

155 1467 239 1494 cura
254 1453 301 1493 de
315 1453 424 1492 nobis
441 1467 449 1491 :
468 1451 554 1505 quid
569 1453 662 1491 inter
678 1449 784 1501 hujus
803 1450 926 1491 saeculi
941 1449 1178 1490 adversitates
1196 1450 1408 1500 constituti,

154 1514 350 1556 dicemus?
366 1514 479 1554 nisisi
486 1514 587 1552 Deus
599 1527 668 1564 pro
681 1513 828 1552 nobis...

210 1575 307 1618 Mira
321 1575 600 1616 christianorum
613 1577 669 1615 vis
687 1582 724 1616 et
740 1574 913 1616 fortitudo
933 1579 1058 1614 contra
1076 1574 1258 1628 quoslibet
1275 1579 1408 1615 nostrae

153 1640 275 1680 salutis
295 1638 435 1680 hostes.
454 1639 500 1678 Si
517 1639 615 1679 Deus
628 1653 697 1690 pro
717 1640 823 1678 nobis
838 1670 849 1690 ‚
869 1646 939 1680 etc.
972 1639 1052 1691 quis
1077 1645 1118 1676 ut
1142 1638 1244 1677 Deus
1256 1637 1278 1678 P
1305 1637 1409 1677 Deus

141 1700 330 1756 sor-titudo
348 1716 432 1741 mea
441 1730 454 1749 ,
472 1702 624 1753 adjutor
639 1715 796 1742 meum...
808 1709 951 1743 scutum
969 1696 1248 1755 impenetrabile
1264 1698 1405 1752 patten-

156 1769 213 1807 tiae
226 1774 434 1807 sanctorum
454 1765 570 1806 Deus.

210 1831 264 1883 Υ.
285 1829 350 1871 32.
377 1830 455 1883 Qui
476 1830 589 1868 eliam
617 1831 764 1881 proprio
788 1829 885 1867 Fillo
905 1844 971 1869 suo
994 1843 1069 1868 non
1085 1829 1289 1881 pepercit...
1321 1824 1406 1879 Syr.

154 1892 255 1945 quod
271 1894 303 1932 si
321 1905 366 1931 ne
388 1892 534 1944 proprio
551 1889 698 1943 quidem
717 1887 813 1930 Filio
833 1893 993 1943 pepercit
1010 1920 1022 1941 ‚
1041 1898 1111 1931 etc.
1131 1889 1168 1930 id
1179 1890 1326 1942 est‚qui
1337 1902 1406 1930 nos

152 1958 202 1999 ita
216 1955 341 1997 dilexit
354 1984 363 2001 ,
384 1961 421 1994 ut
438 1954 587 1995 naturali
603 1951 698 1994 Filio
714 1967 780 1993 suo
806 1967 882 1994 non
899 1955 1128 2007 pepercerit,
1146 1952 1213 1993 sed
1226 1980 1238 2002 ‚
1261 1957 1331 1993 etc.

210 2021 296 2073 Quo
318 2036 342 2059 α
358 2019 467 2059 modo
490 2033 565 2058 non
581 2017 697 2057 etiam
716 2019 866 2058 camillo
881 2020 987 2058 omni
1005 2020 1112 2058 nobis
1132 2015 1313 2057 donavit?
1332 2011 1403 2057 Gr·

150 2082 376 2135 gratificabit.
393 2078 476 2135 Syr.
497 2081 664 2132 largietur
685 2093 693 2118 :
715 2082 836 2121 omnia
866 2080 1000 2121 scilicet
1017 2079 1064 2120 ad
1080 2078 1234 2119 salutem
1263 2088 1400 2118 neces-

150 2146 264 2191 saria3
284 2152 321 2185 ut
340 2144 426 2185 nulli
442 2144 569 2184 hostes
590 2145 756 2197 possint,
778 2146 808 2183 si
823 2143 999 2192 velimus,
1022 2154 1103 2182 eam
1122 2138 1318 2193 impedire.

204 2205 259 2258 Y.
280 2207 483 2250 Incarnatio
507 2207 647 2248 donum
667 2214 723 2249 est
752 2207 932 2248 donorum
950 2223 960 2256 ς
983 2209 1019 2246 in
1053 2219 1125 2259 quo
1142 2203 1251 2245 nobis
1273 2204 1407 2249 omnia,

148 2270 328 2312 donantur
344 2288 354 2319 ;
371 2273 450 2313 sine
472 2284 545 2323 quo
567 2269 658 2311 nihil
678 2269 780 2310 datur
801 2285 809 2309 :
841 2283 925 2310 nam
950 2269 1074 2311 omnia
1098 2281 1163 2321 per
1188 2273 1227 2308 et
1248 2270 1406 2319 propter·

146 2329 348 2377 Christum.
1332 2348 1337 2355 ·
