1410 2554
64 57 145 101 126
387 106 390 107 ⁷
420 75 631 108 ems-rome
663 78 726 108 An·
755 59 965 121 ιιοηιωοέ
1020 119 1029 123 ‚

294 168 475 205 Qun-r».
506 172 767 203 osseum-no
792 173 1086 206 uoci-munus.

113 247 174 291 Ex
197 250 266 292 hac
285 250 422 294 Christi
441 257 566 306 gratiae
582 236 803 298 exc'eltentia
827 256 958 309 collige
973 261 1150 311 quantum
1172 257 1327 306 Christo

62 313 267 355 debeamus
280 344 291 363 ‚
317 323 354 356 et
371 331 455 370 quae
473 331 542 357 nos
562 320 599 358 in
617 317 691 359 hoc
710 325 836 359 nostro
849 318 974 371 tapsus
995 326 1089 361 statu
1109 322 1217 363 solari
1235 338 1328 376 pos-

55 377 130 475 εέηῑ
144 403 155 423 ,
181 378 292 416 etiam
313 391 379 430 per
396 381 709 431 comparationem
726 380 774 420 ad
789 387 924 422 statum
946 384 1172 424 innocentiae
1188 385 1331 438 deper—

94 438 199 476 itum·
905 445 907 448 ⁴

114 495 283 540 Adamas
306 501 481 554 equidem
502 501 570 542 suit
592 505 629 543 in
659 506 771 556 gratia
794 509 949 544 creatus.
972 502 1056 545 Nos
1086 509 1178 546 vero
1205 506 1324 561 lapsi,

57 574 126 624 per
141 557 330 602 Christum
344 565 555 615 accepimus
569 565 833 605 abundantiam
849 568 972 617 gratiae
987 572 1025 606 et
1039 565 1250 608 donationis
1261 598 1272 619 ,
1291 575 1331 610 et

55 626 207 666 iustitiae
222 654 232 671 ‚
252 632 290 664 ut
308 628 356 666 ait
374 625 513 678 Apost.
531 625 584 677 Y.
611 643 673 682 ¹7·

112 684 156 727 In
175 683 323 727 Adamo
336 718 348 737 ‚
368 687 504 738 fateor,
528 704 603 730 non
631 690 699 731 suit
719 692 1028 742 concupiscentiae
1049 691 1201 733 rebellio
1215 723 1225 743 ‚
1245 707 1333 747 quae

55 757 224 791 remanet
243 754 282 790 in
306 753 416 792 nobis
437 756 548 793 etiam
575 756 711 794 renatis
732 770 741 792 :
770 760 807 793 at
838 753 919 794 haee
941 757 1019 807 ipsa
1044 769 1113 808 per
1138 753 1327 798 Christum

63 813 107 858 fit
127 819 163 858 in
182 819 292 858 nobis
309 821 460 859 materia
480 833 613 873 pugnae
627 850 637 865 ,
660 827 696 860 et
719 821 887 860 victoriae
905 826 940 859 et
958 821 1148 874 triumphi.

114 877 235 932 Ligno
267 883 352 922 vitae
384 882 537 935 quidem
563 884 600 921 in
630 881 706 922 hoe
737 887 831 922 statu
865 887 994 922 nostro
1033 884 1220 936 privamur
1247 898 1257 922 ε
1295 889 1332 923 at

58 942 228 986 Christus
262 946 323 985 dat
362 946 471 986 nobis
500 941 634 998 panem
667 947 775 996 virae,
809 946 1092 985 sacratissimam
1126 942 1332 986 Eucharis-

58 1007 148 1045 tiam
163 1035 176 1052 ,
210 1019 345 1057 panem
362 1035 372 1053 ,
404 1007 466 1058 qui
499 1005 546 1046 de
586 1005 679 1046 coelo
706 1004 898 1046 descendit
917 1034 928 1055 ,
965 1012 1002 1045 et
1039 1008 1102 1057 qui
1133 1005 1195 1045 dat
1216 1007 1332 1046 vitam

67 1076 258 1109 aeternam.

117 1127 391 1183 Temporaliter
409 1130 588 1169 morimur
601 1130 649 1169 ob
666 1126 761 1170 Adae
777 1134 970 1181 peccatum
984 1143 994 1175 ;
1008 1134 1044 1168 at
1061 1141 1127 1180 per
1141 1124 1332 1168 Christum

59 1209 294 1248 resurgemus
311 1194 358 1234 ad
375 1196 491 1234 vitam
508 1194 754 1235 immortalem
773 1200 808 1234 et
826 1193 1024 1245 gloriosam
1041 1223 1053 1243 ,
1065 1200 1145 1233 turn
1167 1193 1304 1233 animae
1315 1199 1338 1244 ,‘

62 1266 142 1300 turn
166 1260 345 1311 corporis.
1342 1263 1344 1266 '

119 1319 263 1363 Gratias
282 1324 401 1374 itaque
428 1320 652 1361 immortales
679 1325 714 1359 et
739 1325 899 1359 aeternas
918 1314 1070 1357 Christo
1093 1312 1187 1356 Jesu
1204 1346 1215 1366 ‚
1241 1313 1330 1356 Re-

64 1387 249 1441 demptori
262 1393 390 1427 nostro
403 1416 414 1434 ‚
434 1388 495 1439 qui
510 1387 618 1426 nobis
633 1384 783 1438 perditis
794 1383 1087 1436 redemptionem
1104 1380 1331 1421 deditabun-

67 1448 242 1498 dantem,
263 1455 300 1490 et
321 1447 698 1501 superabundantem.

120 1509 221 1553 Vide
241 1509 292 1553 D.
309 1509 448 1566 Chrys.
466 1508 585 1551 Hom.
617 1525 679 1550 ro.
701 1508 799 1549 hanc
828 1510 1022 1561 gratiarum
1039 1503 1178 1547 Christi
1203 1506 1332 1546 abun-

64 1575 226 1616 dantiam
252 1577 343 1615 mire
369 1574 642 1614 describentem
667 1587 676 1611 ε
707 1569 898 1620 Christus,
930 1571 1072 1624 inquit,
1103 1582 1180 1609 non
1212 1567 1334 1608 solum

65 1636 210 1678 vulneri
236 1636 469 1677 medicamen
500 1634 623 1683 dedit,
652 1634 719 1674 sed
749 1640 786 1673 et
803 1633 996 1672 sanitatem
1019 1636 1055 1671 et
1082 1629 1334 1682 pulchritudi‚

67 1714 178 1751 nem,
201 1708 237 1742 et
257 1700 457 1748 honorem,
481 1704 516 1739 ct
543 1699 694 1750 gloriam
712 1726 724 1747 ‚
749 1703 786 1737 et
812 1696 1025 1749 dignitatem
1040 1694 1147 1746 longe
1167 1700 1334 1733 naturam

67 1775 230 1808 nostram
249 1772 507 1820 superantem,
527 1771 599 1804 etc.
611 1761 731 1804 Multo
752 1762 851 1815 plura
870 1760 972 1803 dedit
992 1763 1101 1815 quam
1117 1772 1198 1813 quae
1216 1758 1334 1800 debe-

67 1831 198 1872 bamus
213 1862 223 1880 ,
245 1836 279 1871 et
300 1833 401 1870 tanto
421 1828 546 1881 plura,
570 1831 704 1881 quanto
724 1839 824 1867 mare
848 1827 1073 1865 immensum
1098 1821 1145 1863 ad
1170 1820 1336 1875 pusillam

69 1897 208 1947 guttam
227 1889 412 1930 collatum.
1335 1885 1337 1889 '

88 1945 112 1974 ”
127 1948 180 2001 Υ.
197 1967 261 1992 20.
280 1950 362 1990 Lex
382 1957 507 1989 autem
528 1950 748 1989 subintravit
767 1979 776 1989 .
792 1978 802 1988 .
819 1979 828 1989 .
845 1979 854 1988 .
877 1944 940 1987 Ne
957 1947 1007 1987 ob
1027 1945 1165 1986 dictum
1184 1941 1338 1996 y.13.

72 2028 184 2067 usque
202 2014 256 2052 aa!
278 2014 392 2064 legem
420 2018 617 2063 peccatum
637 2011 775 2049 eratin
796 2009 935 2048 mundo
949 2038 962 2056 ‚
992 2012 1135 2062 putaret
1164 2006 1244 2060 quis
1270 2016 1339 2057 per

70 2071 192 2128 legem
213 2074 390 2115 abolitum
408 2073 516 2114 fuisse
530 2079 717 2127 peccatum
733 2088 742 2119 3
763 2074 967 2125 opportune
985 2070 1073 2111 dicit
1088 2065 1338 2120 hchposto-

76 2138 151 2186 lus,
173 2139 274 2190 quod
289 2139 430 2177 tantum
445 2136 574 2183 abest,
596 2141 635 2175 ut
651 2149 717 2188 per
733 2135 853 2189 legem
870 2131 1012 2188 Moysis
1033 2130 1215 2172 sublatum
1233 2129 1342 2170 suerit

77 2207 267 2255 peceatum
286 2228 299 2248 ,
322 2201 409 2250 quin
428 2200 548 2251 potius
565 2200 678 2250 magis
695 2197 900 2238 invaluerit.

135 2260 262 2316 ltaque
279 2263 343 2301 lex
362 2258 525 2300 mosaica
544 2260 789 2308 subintravit,
810 2253 851 2298 id
866 2262 938 2307 est,
953 2258 1054 2311 quasi
1071 2255 1118 2295 de
1135 2258 1343 2294 transverso
1359 2275 1362 2277 >

77 2327 275 2368 intervenit
311 2327 404 2365 inter
437 2322 631 2363 exordium
661 2324 800 2375 peccati
827 2329 864 2363 et
891 2321 1084 2362 exordium
1109 2319 1255 2371 gratim,
1277 2329 1344 2358 seu
