1410 2554
345 72 519 137 rntsstssi
534 65 904 126 'fi‘xt’ok't‘t'td;‘fflp2'
918 66 944 112 Ῑ
945 72 994 114 V.
1229 72 1304 128 ¹47

527 189 803 232 *szcuuuo

38 299 58 322 κ’
100 288 207 335 Nota
224 299 260 334 et
281 288 412 335 mirere
437 290 600 334 divinam
619 285 798 342 Apostoli
808 286 955 337 ideam,
974 288 1043 330 sub
1069 300 1139 342 qua
1155 300 1223 328 nos
1241 301 1308 341 per

45 357 270 410 baptismum
284 358 304 394 ὲ
327 346 464 407 peccati
481 348 676 406 tyrimnide
693 349 886 399 liberatos,
907 346 992 390 Deo
1010 355 1133 389 autem
1151 351 1308 390 manci-

50 426 154 474 patos
166 449 177 471 ,
195 416 415 458 hortat'urad
437 412 689 462 obediendum
708 419 745 453 et
761 411 998 454 serviendum
1010 413 1165 464 justitiae
1177 442 1190 464 ,
1208 418 1245 453 et
1262 412 1310 452 ad

45 478 131 533 non
141 477 411 519 assentiendum
427 490 547 518 rursus
563 471 751 530 tyrannidi
772 475 922 528 peccati.

58 547 60 549 '
99 533 216 582 'Juxta
236 537 413 595 Apostoli
430 531 618 587 mentem,
641 538 841 590 'peccatum
869 543 1045 589 tyrannus
1068 543 1150 586 est;
1174 538 1311 589 justitia

4 633 10 638 .
45 603 172 655 regina
191 608 248 642 est
265 599 326 642 iet
344 600 425 653 haee
440 630 452 652 ‚
473 607 509 641 et
526 599 584 643 ille
604 612 710 638 suum
728 601 932 650 regnumet
956 597 1162 638 dominium
1184 613 1310 653 oppo-

47 668 157 706 situm
173 652 336 712 hebent3
357 679 431 704 non
460 668 584 718 potest
603 664 682 718 quis
709 664 852 714 utrique
875 662 1017 701 servire
1034 691 1044 710 ‚
1066 660 1133 702 sed
1153 661 1313 704 alterutri

46 727 249 783 parendum
273 740 285 768 z
309 734 485 782 peccato,
512 729 587 767 imo
616 724 770 783 <¹1³,b010
785 725 966 781 servitur,
990 726 1074 764 cum
1111 727 1313 777 concupis-

49 777 180 831 centia:
209 782 408 831 obeditur':
432 789 604 840 justitiae,
633 777 806 835 Christo,
847 783 961 836 Deo,
1004 787 1182 836 servitur,
1225 789 1313 829 cum

49 844 230 895 desideria
250 850 342 891 mala
358 851 602 910 reprimuntur
619 879 631 898 ‚
652 848 794 902 bonum
811 861 901 900 opus
922 847 1116 900 perficitur.

105 910 158 953 Ut
168 927 236 953 nos
252 917 274 954 ὲ
288 913 427 954 miserti
441 913 578 967 peccati
599 913 776 951 servitute
794 916 933 961 avertat
950 908 1167 964 Apostolus.

57 971 59 973 ’
103 976 194 1017 Non
209 984 333 1027 regnet
348 1004 358 1024 ,
379 977 513 1030 inquit,
523 971 723 1027 peccatum
734 1003 747 1022 ,
772 981 950 1028 tyrannus
967 974 1024 1015 ille
1037 1005 1046 1021 ,
1068 981 1139 1018 ete.
1156 991 1204 1019 ne
1218 990 1311 1018 con·

47 1039 210 1078 sentiatis
227 1033 428 1091 tyrannidi,
450 1036 663 1094 obediendo
677 1036 814 1076 scilicet
825 1037 1161 1088 concupiscentiis,
1179 1039 1312 1091 quibus

47 1099 95 1142 ad
111 1099 245 1148 malum
262 1114 330 1140 vos
345 1100 528 1153 sollicitat.

103 1151 180 1205 Sed
197 1176 380 1205 memores
398 1170 434 1202 ct
453 1168 584 1201 vestrae
605 1161 830 1202 mortalitatis
854 1162 960 1202 brevi
982 1162 1212 1215 complendae
1228 1193 1240 1213 ,
1271 1170 1311 1204 et

48 1238 169 1265 rerum
190 1224 411 1265 saecutarium
430 1223 598 1261 vanitatis
617 1224 654 1260 in
682 1223 827 1262 instanti
846 1222 1072 1273 disperiturae
1086 1253 1097 1272 ‚
1126 1222 1190 1263 has
1218 1239 1310 1264 con-

48 1289 286 1340 cupiscentias
311 1286 452 1326 fallaces
474 1286 679 1339 reprimite.
709 1282 762 1335 Y.
792 1300 852 1329 12.
872 1283 930 1325 Εὸ
948 1285 1083 1326 facilior
1111 1291 1180 1328 erit
1202 1290 1311 1330 vobis

47 1348 133 1391 haec
152 1350 324 1397 victoria,
346 1351 418 1402 quo
444 1349 560 1397 major
582 1348 690 1387 vobis
704 1347 806 1388 adest
827 1345 963 1388 Christi
978 1352 1103 1401 gratia.
1122 1345 1167 1391 Ῡ.
1193 1354 1255 1402 ¹4·

102 1408 156 1451 Ut
173 1423 241 1451 nos
261 1412 398 1450 animet
414 1408 461 1448 ad
477 1408 729 1449 obediendum
748 1411 894 1459 justitiae
910 1426 916 1448 :
941 1411 1038 1459 Sed,
1062 1413 1202 1464 inquit,
1231 1429 1310 1454 ex·-

49 1471 170 1509 hibete
185 1485 252 1510 vos
277 1472 379 1517 Deo‚·
407 1471 506 1523 quasi
525 1469 682 1509 diceret:
701 1468 859 1509 Justitioe
876 1470 1118 1522 obedientes,
1144 1471 1227 1514 Deo
1241 1477 1310 1528 ipsi

48 1529 147 1584 Regi
164 1538 287 1572 vestro
299 1531 317 1581 ‚⁴
333 1530 559 1572 benefactori
573 1538 695 1572 vestro
709 1562 720 1583 ‚
741 1533 802 1585 qui
817 1545 884 1571 vos
899 1533 920 1570 ὁ
934 1536 1085 1574 mortuis
1100 1531 1304 1586 suscitavit,

47 1594 227 1632 servietis.
246 1590 300 1644 Ῡ.
327 1590 388 1633 13.

103 1653 158 1693 Et
183 1654 351 1692 membra
379 1660 505 1692 vestra
524 1668 634 1692 arma
659 1651 823 1705 justitiet
849 1653 928 1692 Deo
948 1669 961 1694 .·
979 1656 1066 1706 quia
1094 1659 1197 1709 regni
1223 1658 1308 1700 fecit

44 1717 275 1756 mentionem
292 1743 303 1763 ‚
327 1716 406 1765 ejus
426 1729 570 1768 quoque
597 1721 812 1755 armaturam
844 1724 1087 1768 congruenter
1112 1720 1271 1762 ostendit
1294 1751 1306 1771 ,

50 1776 294 1829 parandaeque
313 1779 477 1816 victoriae
492 1779 671 1818 rationem
690 1791 758 1816 nos
776 1777 919 1828 docuit,
944 1782 991 1818 ait
1023 1774 1309 1824 Theodoretus.

51 1833 199 1877 Omnes
216 1840 376 1890 corporis
398 1846 515 1891 partes
542 1847 581 1880 et
596 1853 693 1879 arma
711 1839 855 1889 justitiae
873 1848 980 1889 sunt,
1004 1843 1034 1880 si
1067 1856 1172 1883 mens
1197 1846 1304 1895 velit3

48 1906 86 1939 et
110 1913 229 1940 rursus
255 1904 393 1954 peccati
412 1931 422 1951 ‚
460 1902 607 1956 quando
624 1902 679 1943 illa
710 1905 847 1957 peccati
882 1904 1108 1947 dominatum
1134 1909 1307 1963 amplexa

45 1961 166 2003 fucrit.
191 1961 301 2003 Idem
331 1962 612 2007 Theodoretus.

102 2023 206 2067 Hinc
227 2040 295 2066 nos
324 2026 490 2069 hortatur
521 2027 745 2083 Apostolus:
766 2031 832 2070 sed
858 2045 972 2084 neque
999 2033 1232 2074 exhibeatis.
1249 2064 1310 2078 ...

47 2099 98 2126 ne
120 2088 286 2128 membra
303 2086 389 2130 Deo
420 2091 565 2143 dicata,
590 2098 760 2145 peccato,
785 2093 932 2134 diabolo
950 2095 1124 2146 mititen15
1142 2097 1209 2138 sed
1239 2113 1308 2140 vos

48 2149 115 2189 toti
136 2157 170 2189 et
192 2153 314 2191 omnia
335 2159 456 2193 vestra
476 2151 562 2195 Deo
582 2154 744 2195 militate.
764 2154 818 2207 fi.
839 2155 902 2198 13.

101 2209 226 2253 Vestri
246 2227 321 2255 non
341 2217 453 2268 estis,
487 2218 553 2259 sed
573 2217 645 2260 Dei
676 2220 734 2258 cui
749 2227 881 2273 sponte
910 2236 976 2276 per
996 2223 1215 2277 baptismum
1233 2240 1302 2266 vos

47 2272 220 2326 dedistis,
241 2281 278 2316 et
293 2279 354 2330 qui
371 2292 462 2327 vos,
490 2293 566 2320 non
584 2283 622 2321 in
642 2295 771 2323 servos
789 2286 930 2325 tantum
955 2288 1116 2340 recepit,
1133 2286 1201 2326 sed
1219 2289 1306 2329 etin

44 2336 143 2379 filios
160 2345 197 2380 et
211 2338 379 2384 haeredes
399 2342 603 2399 adoptavit.
625 2339 674 2389 77.
694 2345 761 2388 18.
819 2339 824 2343 ⁴
