1410 2554
142 64 231 115 '240
509 63 720 106 amsa-om
749 77 807 106 An
835 77 1036 109 nonanus

201 135 251 174 In
266 134 339 173 hoc
357 134 479 188 ipsum
494 136 662 174 excitavi
673 143 720 176 te.
739 133 918 178 Ambros.
930 143 968 177 te
982 139 1149 179 servavi:
1165 137 1224 180 alii
1240 133 1408 192 codices,

144 199 286 249 inquit,
316 195 478 245 habent,
509 198 703 236 suscitavi.
720 196 788 236 sed
815 200 897 238 sive
925 200 1096 248 servavi,
1130 200 1212 240 sive
1236 202 1410 243 suscitavi

146 259 337 306 habeant,
361 258 461 298 idem
477 264 532 298 est
549 271 691 298 sensus.
706 255 942 300 Ambrosius.
1125 271 1128 274 ’

199 317 331 372 Igitur,
351 325 388 359 te
408 321 603 368 suscitavi,
628 332 693 358 seu
712 322 881 360 constitui
899 318 1066 373 Regem3
1089 321 1150 361 vel
1167 298 1204 362 te
1226 326 1402 375 servavi,

143 387 195 421 et
199 388 453 420 contumacem
469 394 543 419 non
561 379 654 419 desti
647 382 739 420 uxi.
766 378 934 421 Poterat
935 379 1042 423 Deus
1058 380 1293 424 Pharaonem
1308 397 1410 424 con·

140 447 322 482 tumacem
342 441 433 481 illico
451 449 694 495 prosternere,
716 444 844 482 vivum
865 446 1051 490 servavit:
1068 452 1108 484 ut
1123 445 1351 485 ostenderem
1366 446 1408 486 in

139 505 213 544 ἵε...
228 511 267 543 ut
285 503 382 555 plura
399 506 573 556 potentiae
592 517 686 544 meae
706 506 807 556 signa
828 506 920 545 circa
937 512 972 546 te
990 503 1148 547 facerem
1167 536 1179 559 ,
1198 521 1279 560 quae
1295 520 1403 560 mag·

137 580 224 606 nam
240 567 380 607 nomini
398 580 484 606 meo
501 566 651 619 gloriam
669 574 851 620 parerent.

193 635 298 678 Nota
317 638 415 691 quod
431 638 565 690 duplex
583 637 690 678 suerit
704 641 857 679 intentio
868 637 941 679 Dei
954 637 1306 683 circaPharaonem:
1322 638 1410 682 Pri-

151 714 214 740 ma
234 698 305 740 Dei
323 703 478 741 intentio
505 698 739 741 Pharaonem
758 702 805 741 ad
834 701 1009 742 thronum
1025 702 1240 751 evehentis,
1277 709 1410 744 erat'ut

149 764 244 814 juste
275 770 460 815 regnaret,
494 759 579 802 Deo
608 763 798 810 obediret,
825 763 998 815 populum
1030 764 1124 813 juste
1148 771 1306 815 regeret.
1326 759 1410 804 Se·-

149 826 321 866 cundaria
339 826 417 875 (ex
435 824 632 879 hypothesi
656 827 754 880 quod
781 829 896 879 impie
920 834 1108 879 regnaret,
1135 825 1294 881 Deoque
1313 841 1410 868 con-

147 893 344 932 tumaciter
370 891 582 939 resisteret)
613 892 785 932 malitiam
813 890 1020 933 Pharaonis
1043 891 1225 932 ordinavit
1244 892 1291 932 ad
1308 906 1410 932 suam

149 951 297 1004 gloriam
311 978 321 995 ‚
351 959 387 991 et
402 951 447 990 ad
467 954 719 992 ostensionem
740 955 915 1005 potentiae
937 967 1034 993 suae:
1052 959 1091 993 et
1107 955 1143 992 in
1163 953 1236 994 hoc
1253 956 1410 995 maxima

150 1012 268 1052 elucet
285 1011 358 1052 Dei
376 1015 574 1066 sapientia,
590 1021 622 1053 at
643 1014 737 1053 nutla
753 1017 790 1053 in
813 1012 896 1054 Deo
911 1044 920 1058 ,
941 1008 989 1054 ob
1007 1014 1099 1064 hoc,
1116 1015 1298 1064 injustitia.

208 1082 258 1120 Et
269 1090 309 1121 ut
322 1087 603 1124 annunn'elmu..
619 1087 744 1123 revera
754 1082 825 1124 Dei
836 1098 973 1124 nomen
987 1087 1023 1124 in
1041 1091 1117 1124 toto
1133 1091 1306 1124 terrarum
1322 1085 1410 1125 orbe

150 1146 197 1183 εὸ
215 1144 406 1195 gloriosiiis
425 1146 628 1197 percrebuit
644 1162 653 1191 ;
676 1149 749 1198 quo
769 1147 883 1195 major
901 1152 976 1185 erat
999 1144 1204 1186 Pharaonis
1223 1146 1410 1197 potentia,

148 1204 318 1258 illiusque
335 1209 551 1259 pertinacior
567 1208 780 1256 obstinatio,
801 1213 837 1246 et
848 1209 962 1256 major
979 1204 1192 1247 Judaeorum
1208 1204 1410 1258 oppressio.

209 1276 312 1318 Hinc
330 1281 483 1318 innotuit
502 1278 601 1332 quod
621 1275 720 1316 Deus
738 1290 845 1316 verus
870 1283 963 1316 esset
981 1272 1101 1323 Deus,
1114 1282 1149 1315 et
1165 1274 1318 1328 populns
1335 1271 1410 1314 Ju-

158 1340 304 1387 daicus,
324 1342 401 1390 ejus
417 1347 511 1380 esset
531 1340 696 1393 populus.
717 1337 811 1378 Vide
829 1334 947 1378 Josue
971 1354 1008 1378 2.
1025 1337 1076 1387 Υ.
1090 1350 1127 1391 9.
1154 1352 1214 1377 ιο.
1239 1352 1254 1376 1
1267 1352 1300 1376 r.

211 1401 410 1455 Duplicem
443 1403 574 1454 pariter
603 1403 758 1452 concipe
776 1402 1017 1446 intentionem
1048 1398 1120 1439 Dei
1143 1401 1236 1438 circa
1263 1395 1410 1438 Judaeos

155 1465 374 1513 obduratos,
398 1477 604 1515 omnesque
635 1463 722 1502 alios
745 1468 954 1513 peccatores
976 1461 1186 1501 obduratos.
1203 1458 1289 1500 tuos
1317 1475 1410 1501 con-

153 1534 273 1568 servat
291 1534 326 1567 et
344 1529 496 1566 sustinet
518 1522 649 1573 Dens,
675 1532 714 1564 ut
743 1539 823 1564 sese
845 1527 1023 1574 corrigant.
1041 1530 1075 1563 et
1103 1523 1309 1563 salventur:
1327 1525 1410 1564 εὺῐῐι

154 1594 275 1628 autem
301 1587 400 1627 videt
422 1601 486 1626 eos
515 1589 629 1637 magis
645 1600 686 1624 ac
707 1587 822 1636 magis
837 1585 994 1624 indurari
1009 1614 1018 1632 ,
1040 1597 1104 1623 ens
1119 1583 1268 1623 tandem
1284 1585 1410 1637 punit,

156 1658 194 1691 ut
211 1664 311 1690 suam
332 1653 368 1689 in
392 1650 458 1689 iltis
474 1651 671 1701 potentiam
692 1647 919 1695 manifestet,
945 1648 1097 1699 aliisque
1113 1645 1308 1686 rebettibus
1322 1659 1410 1686 me·-

157 1719 233 1752 tum
254 1713 441 1751 salutarem
458 1713 616 1750 incutiat.

211 1769 289 1813 Et'
280 1789 316 1813 m
335 1774 407 1813 hoc
438 1772 530 1812 nulla
551 1774 743 1823 injustitia,
778 1774 859 1824 quia
890 1784 1076 1823 nunquam
1105 1772 1230 1823 punit,
1261 1772 1332 1810 nisi
1350 1767 1410 1809 sua

158 1837 310 1889 culpaet
332 1837 394 1875 ob
394 1836 576 1875 Inratione
602 1837 837 1886 promeritos.

210 1897 253 1941 Ῠ.
278 1894 338 1939 18.
358 1899 452 1947 Ergo
470 1896 576 1947 (ujus
598 1897 681 1935 vult
710 1898 924 1935 mtserelur..
955 1893 1073 1934 Reda
1099 1892 1295 1933 conclusio.
1311 1888 1410 1933 Cl‘lm

159 1964 201 2001 sit
220 1965 342 2013 guatiae
358 1974 434 2001 sum
452 1961 643 2005 dominus,
670 1966 707 1998 ut
730 1959 779 2008 Υ.
802 1959 862 1998 15.
885 1958 944 1998 dic
948 1965 1023 1997 tum
1043 1965 1118 2002 est;
1144 1964 1179 1997 et
1198 1964 1236 1995 ut
1253 1953 1410 1996 ostendit

159 2026 196 2066 in
214 2023 371 2071 Jacobo,
390 2022 605 2064 inlsraelitis
622 2021 775 2076 AEgypti
796 2022 937 2068 innotis,
958 2021 1165 2071 deniquein
1181 2016 1410 2058 Christianis.

215 2089 264 2127 Et
284 2103 388 2139 quem
408 2089 488 2126 νιιΙι
517 2087 693 2124 indm-at.-
713 2093 750 2125 ut
772 2085 929 2126 ostendii
950 2086 984 2124 in
1014 2079 1234 2127 Pharaone,
1272 2083 1310 2120 in
1338 2078 1410 2121 Ju⁴

157 2149 247 2188 daeis
264 2149 478 2194 incredulis,
498 2161 590 2199 quos
620 2149 655 2186 in
677 2154 907 2199 pcccatorum
930 2158 1077 2185 suorum
1102 2145 1354 2197 punitionem,
1374 2143 1410 2183 in

151 2224 214 2249 sna
243 2209 370 2249 duritia
391 2210 537 2248 ‹luserit-

214 2267 312 2310 Nota
336 2270 432 2323 qnod
459 2278 493 2309 et
522 2268 635 2307 homo
655 2283 695 2307 se
716 2268 882 2316 indurat,
905 2273 938 2306 et
969 2266 1067 2318 qnod
1088 2261 1191 2304 Deus
1218 2262 1410 2303 hominem

161 2329 315 2371 indurat.
340 2329 606 2379 lndu1uit‚s2u
626 2328 804 2369 induravit
826 2342 866 2368 se
883 2341 944 2367 cor
968 2325 1194 2376 Pharaonis,
1211 2322 1356 2365 Exodif
1374 2335 1410 2376 7.
