1410 2554
147 1 233 47 360
526 13 1048 51 >totamm-mmmm·

498 155 802 218 Commentarius
815 159 855 199 in
871 157 968 212 Gap.
988 160 1052 211 ιζ’.

146 271 202 325 Y.
225 289 262 315 ι.
292 224 542 317 Itu-mmm
556 283 685 317 uatem
704 277 747 317 fn
756 276 842 328 fide
855 279 1046 319 assumite.
1063 275 1149 332 Syr.
1169 280 1331 332 eivers,
1344 283 1408 335 qui

148 344 204 378 est
222 338 386 378 infirmus
406 341 444 378 in
460 337 538 378 fide
550 367 563 389 ‚
583 338 665 379 date
682 352 845 380 manum.

204 396 396 449 Gentiles,
425 413 490 441 seu
510 414 560 442 ex
581 398 767 442 Gentibus
787 413 988 441 conversos
1001 401 1202 454 alloquitur
1231 400 1409 458 Aposto-

147 461 202 502 lus
217 491 229 512 ‚
253 468 291 502 et
308 460 472 503 hortatur
489 470 530 504 ut
558 463 781 504 infirmiores
805 465 845 504 in
866 463 942 505 fide
964 477 1055 505 cum
1075 464 1252 506 charitate
1281 468 1410 508 susci-

147 526 247 576 pient
259 553 270 573 ,
285 538 359 566 nec
378 527 596 579 importunis
617 525 924 579 disputationibus
942 525 1130 567 lacessant.

202 586 410 638 Infit-mum
431 591 538 641 igitur
548 590 588 628 in
594 588 707 641 fide,
728 595 767 629 ct.
780 588 946 628 nondum
960 591 1049 629 satis
1060 591 1278 629 *instructum
1291 617 1303 639 ‚
1322 603 1406 641 vos,

149 652 211 705 qui
229 651 414 693 doctiores
446 659 484 692 et
507 650 674 693 fortiores
688 654 804 703 estis,
833 654 1015 693 assumite
1042 667 1127 693 cum
1146 652 1330 693 charitate
1340 655 1409 694 in*-

146 716 382 766 struendum,
400 730 559 772 eumque
574 724 614 758 ut
625 716 773 758 fratrem
783 716 928 768 fovete,
945 720 1078 769 juvate.
1094 715 1183 767 Seu,
1201 724 1241 758 ut
1257 719 1307 758 ait
1322 715 1408 773 Syr.

148 781 183 819 ei
204 778 287 819 date
305 793 477 831 manum,
497 782 589 820 sicut
605 781 750 820 infirmo
770 783 809 821 in
830 782 959 821 itinere
977 784 1078 823 datur
1098 795 1242 822 manus.

203 841 296 882 Non
312 843 353 882 ia
374 843 706 896 disceptationibus
729 834 1008 894 cogitationum.
1025 841 1095 883 Gr.
1110 856 1187 883 non
1205 845 1244 882 in
1256 843 1408 897 discep-

149 898 312 944 tationes
327 905 627 956 disputationum.
643 904 730 958 Syr.
745 918 816 944 nec
823 907 901 945 sitis
917 905 1148 956 ambigentes
1160 907 1199 944 in
1212 906 1410 956 cogitatio·

149 967 260 1007 nibus
276 969 431 1014 vestris3
462 967 500 1008 id
526 974 606 1018 est,
629 982 712 1008 cum
733 981 780 1008 eo
798 981 847 1008 ne
865 967 1094 1008 contendatis
1109 996 1120 1017 ‚
1147 981 1194 1008 au
1210 969 1337 1018 hene3
1361 980 1409 1008 au

147 1031 244 1072 male
267 1035 419 1081 sentiat,
444 1035 526 1085 quia
546 1033 667 1073 adhuc
684 1032 901 1073 >charitative
916 1032 1126 1073 tolerandus
1143 1039 1197 1074 est
1213 1049 1223 1079 ;
1243 1047 1316 1074 nec
1328 1035 1409 1073 im-

149 1097 316 1147 pmtunis
333 1094 640 1148 disputat-ionibus
657 1095 892 1135 lacessendus
909 1126 921 1146 ‚
943 1109 993 1136 ne
1007 1095 1101 1137 sorte
1115 1094 1278 1136 offensus
1291 1096 1408 1136 abin*

151 1163 260 1208 cepto
280 1158 428 1199 resiliat.

206 1217 263 1271 fi.
283 1234 320 1259 2.
340 1220 451 1259 Alias
469 1220 570 1258 enim
590 1220 708 1259 credit
726 1234 766 1259 se
790 1221 1022 1259 manducare
1048 1223 1192 1260 omnia.
1223 1217 1378 1262 Factum
1395 1250 1410 1272 ,

150 1294 215 1322 seu
232 1282 474 1322 altercationis
491 1288 744 1333 argumentum
763 1282 926 1323 breviter
937 1286 1104 1337 exponit.

207 1346 343 1395 Altus,
368 1344 406 1384 id
428 1351 509 1393 est,
529 1348 590 1398 qui
610 1347 647 1385 in
676 1345 751 1386 fide
781 1345 930 1395 firmus,
955 1354 993 1387 et
1021 1349 1069 1388 de
1087 1345 1293 1400 Evangelio
1311 1347 1410 1388 b‘ene

151 1410 347 1449 instructus
359 1435 370 1456 ,
389 1405 504 1447 credit
521 1407 591 1446 sibi
609 1406 718 1448 licere
737 1408 956 1462 quibuslibet
970 1410 1064 1450 cibis
1076 1411 1197 1455 vesci;
1218 1409 1302 1460 quia
1314 1407 1409 1447 nul-

151 1471 279 1512 lumin
300 1469 382 1522 lege
411 1467 634 1522 Evangelica
655 1471 820 1512 ciborum
838 1484 954 1523 genus
969 1471 1201 1511 immundum
1227 1475 1410 1510 censetur.

208 1531 290 1585 (lui
308 1539 433 1570 autem
447 1531 623 1583 infirmus
636 1540 691 1571 est
700 1561 713 1580 ‚
733 1533 813 1571 olus
830 1527 1044 1572 manducet.
1062 1530 1131 1574 Gr.
1157 1532 1256 1573 olera
1271 1545 1408 1574 come-

152 1593 219 1633 dit.
250 1590 333 1646 Syr.
367 1593 574 1633 manducat.
612 1590 732 1633 Divus
771 1591 1059 1646 chrysostomus
1072 1622 1082 1641 ,
1120 1590 1407 1642 Theodoretus,

152 1652 455 1707 Theophylactus
470 1683 482 1703 ‚
506 1668 637 1695 omnes
660 1657 696 1694 in
724 1655 948 1704 indicativo,
971 1655 1153 1702 vescitur,
1177 1655 1384 1694 manducat
1391 1669 1410 1701 ‚-

153 1721 202 1760 iia
215 1725 254 1759 ut
271 1720 318 1759 sit
331 1720 550 1772 propositio,
563 1717 698 1758 sactum
716 1718 1128 1772 simpliciterexponens
1143 1747 1153 1768 ‚
1170 1718 1305 1758 scilicet
1324 1733 1332 1757 :
1349 1721 1408 1758 in-

152 1783 279 1823 firmus
296 1789 440 1830 autem,
464 1795 528 1822 seu
549 1777 704 1822 Judaeus
720 1788 886 1822 recenter
905 1795 1103 1821 conversus
1115 1810 1126 1830 ,
1152 1789 1188 1822 et
1207 1782 1255 1822 de
1272 1779 1407 1823 Evan-

154 1846 267 1899 getica
287 1845 453 1886 libertate
466 1858 543 1885 non
565 1846 649 1885 satis
668 1846 864 1886 instructus
876 1874 887 1894 ‚
907 1843 1066 1884 oleribus
1085 1846 1257 1884 vescitur.

207 1906 322 1949 Juxta
342 1914 501 1947 nostram
523 1904 715 1958 Vulgatam
735 1905 796 1946 hic
816 1919 943 1946 sensus
964 1912 1018 1946 est
1044 1921 1054 1945 z
1073 1904 1249 1956 infirmus
1262 1911 1407 1955 autem,

156 1976 192 2010 et
206 1972 243 2010 in
259 1969 331 2009 fl'de
351 1982 477 2022 parum
497 1968 647 2017 doctus,
674 1974 773 2020 putat
792 1967 831 2007 id
846 1981 920 2007 non
939 1967 1074 2007 licitum
1091 1981 1194 2014 esse;
1217 1969 1246 2007 is
1264 1969 1402 2020 itaque,

152 2044 218 2071 seu
238 2030 424 2080 infirmus,
444 2031 525 2069 olus
539 2037 577 2070 et
596 2031 697 2069 cibos
713 2034 733 2069 ὲ
753 2029 832 2081 lege
851 2028 1013 2070 Mosaica
1030 2031 1227 2083 permissos
1238 2028 1406 2069 mandu-

153 2100 233 2141 cet,
249 2107 298 2134 ne
319 2098 444 2133 contra
458 2093 719 2133 conscientiam
737 2098 877 2145 peccet.

209 2153 285 2197 Per
304 2155 384 2195 olus
397 2183 410 2204 ,
425 2154 583 2207 intellige
599 2154 771 2208 quaelibet
788 2154 990 2208 legumina,
1008 2167 1162 2207 quorum
1179 2152 1316 2195 nullum
1332 2160 1409 2195 erat

153 2216 297 2260 Judaeis
327 2217 481 2258 vetitum
506 2234 515 2258 :
540 2217 651 2258 multa
671 2224 792 2257 autem
823 2216 1014 2267 animalia,
1039 2223 1117 2257 tum
1150 2231 1197 2258 ex
1215 2215 1405 2271 piscibus,

153 2289 230 2324 tum
253 2297 301 2324 ex
325 2281 552 2332 volucribus,
578 2286 653 2321 tum
675 2295 723 2322 ex
745 2281 870 2322 bestiis
889 2287 991 2322 erant
1011 2279 1212 2333 prohibita.
