1410 2554
316 77 491 134 ‘romum
520 100 750 132 EXPOStTto.
781 83 877 143 Cap.
900 82 1022 128 VIII.
1223 99 1298 141 ¹97

94 163 196 208 Finit
216 165 279 206 hic
296 154 356 205 'itta
372 161 544 218 Apostoli
563 160 778 216 metaphora
791 190 802 211 ,
838 157 908 216 qud
939 161 992 200 sic
1014 159 1299 199 immensitatem

37 227 240 268 futurorum
259 226 443 265 bonorum
458 224 565 264 nobis
583 223 761 270 declarat,
776 226 819 261 'ut
835 228 871 262 et
888 234 956 261 nos
976 219 1179 275 pudefaciat
1199 225 1299 259 tanta

34 285 136 328 bona
148 287 269 326 minus
292 283 561 330 desiderantes;
583 285 683 336 quasi
705 283 868 324 diceret:
889 279 1059 329 coetum,
1088 286 1179 320 terra
1194 309 1205 330 ‚
1227 280 1298 320 ele·

37 354 163 388 menta
184 354 220 386 et
243 352 418 386 creaturae
447 346 726 395 congemiscunt
757 349 793 383 et
822 343 1105 396 comparturiunt
1125 340 1172 379 ab
1191 341 1296 380 initio

35 409 167 451 mundi
199 421 314 462 usque
345 419 462 456 nunc,
501 405 826 446 vehementissime
861 404 1109 444 desiderantes
1141 415 1295 455 regnum

33 467 109 510 Dei
142 468 312 509 creatoris
338 467 411 514 sui,
435 471 471 505 et
499 465 795 519 redemptionem
815 478 880 504 seu
899 463 1104 504 libertatem
1135 462 1294 504 filiorum

33 531 111 576 Dei
123 564 134 583 ,
151 534 285 586 quibus
303 533 394 584 ipsae
410 533 587 571 serviunt.

31 607 34 612 ·
87 591 139 636 Et
157 607 245 643 nos,
267 593 329 632 silli
348 591 442 643 Dei,
466 594 682 632 servitutem
697 597 858 631 nostram
875 603 1062 636 amamus;
1090 589 1292 629 liberatoris

31 661 146 701 nostri
175 657 450 700 reformidamus
477 656 701 703 adventum
724 657 770 696 ad
797 658 908 710 ipsius
933 655 1293 709 approximationem

30 724 276 778 trepidamus;
293 722 494 763 adventum
507 725 623 775 regni,
642 722 741 776 quod
759 721 921 776 quotidie
934 728 1103 774 rogantes
1116 722 1290 774 petimus,

30 803 112 830 cum
126 795 226 830 metu
246 786 458 840 refugimus.

85 849 148 892 Ne
169 849 333 892 creatura
365 849 524 890 efficiare
556 849 734 890 deterior!
765 863 836 889 neu
854 857 890 889 tu
912 850 1153 900 praeseutibus
1182 848 1294 889 rebus

28 921 258 972 acquiescas;
279 915 345 957 sed
362 930 515 968 regnum
538 913 614 956 Dei
635 914 869 963 desiderans,
891 916 1091 965 ingemisce
1104 913 1154 953 ob
1171 919 1292 954 retar-

30 979 218 1023 dationem
231 985 367 1019 nostrae
385 979 431 1018 ab
448 977 521 1017 hoc
536 978 627 1018 orbe
645 976 892 1029 profectionis.
911 974 962 1018 D.
979 973 1115 1030 Chrys.

85 1042 265 1090 Domine,
280 1041 426 1091 adauge
428 1038 570 1091 fidem‚·
586 1039 631 1080 da
647 1038 738 1079 mihi
752 1053 906 1092 regnum
923 1045 1025 1079 tuum
1035 1042 1123 1079 vere
1133 1038 1291 1080 deside-

26 1116 106 1145 rare
120 1130 131 1152 ,
148 1110 186 1144 ut
210 1102 322 1145 corde
342 1105 434 1143 sicut
453 1108 488 1142 et
509 1116 573 1142 ore
592 1102 711 1142 dicam
726 1100 913 1155 quotidie:
934 1102 1119 1143 Adoem‘at
1137 1114 1288 1153 regnum

27 1171 152 1214 tuum,
171 1171 208 1206 et
228 1170 497 1216 consequenter
515 1170 674 1204 mortem
691 1165 883 1216 aspiciam,
907 1178 983 1204 non
1002 1171 1040 1204 ut
1063 1164 1289 1205 destructio-

23 1237 134 1276 nem,
153 1226 220 1266 sed
237 1232 273 1264 ut
294 1231 455 1264 nostram
471 1225 517 1264 ad
537 1226 662 1265 aeterni
680 1226 781 1277 regni
793 1225 961 1276 gloriam,
975 1226 1267 1277 parturitionem.

31 1305 32 1308 ¹
79 1285 136 1342 Y.
150 1288 216 1329 23.
234 1288 324 1328 Non
341 1289 460 1327 solam
479 1296 603 1328 autem
623 1286 742 1330 illoe...
758 1287 795 1327 id
812 1294 881 1338 est,
903 1302 980 1328 non
1001 1288 1117 1328 solum
1136 1296 1287 1330 creatu-

23 1365 78 1393 rae
105 1352 328 1394 irrationales
354 1358 526 1404 gemunt;
548 1352 615 1391 sed
633 1359 669 1391 et
696 1350 863 1404 nosipsi,
887 1353 967 1392 sive
991 1348 1187 1405 Apostoli,
1206 1354 1288 1393 sive

21 1416 155 1458 fideles
168 1448 180 1467 ,
196 1418 388 1470 primitias
409 1414 568 1470 Spiritzls
586 1416 785 1464 habentes,
807 1416 845 1456 id
867 1423 944 1465 est,
959 1411 1023 1470 qui
1041 1418 1177 1468 primos
1193 1414 1280 1472 Spi-

22 1478 114 1521 ritils
130 1481 244 1519 sancti
259 1478 395 1519 fructus
409 1494 492 1521 cum
507 1478 726 1520 abundantia
745 1481 993 1532 percepimus;
1009 1478 1137 1529 fidem,
1162 1493 1285 1533 spem,

24 1537 237 1580 charitatem
252 1569 264 1589 ‚
293 1541 446 1580 virtutes
478 1539 636 1590 infusas,
661 1540 766 1580 dotes
785 1547 821 1582 et
842 1540 1057 1581 charismata
1071 1570 1082 1592 ,
1105 1555 1184 1594 quae
1199 1548 1286 1583 tunc

22 1601 257 1642 abundabant
279 1602 317 1640 in
336 1602 518 1653 primitiva
530 1598 711 1643 Ecclesia.

79 1665 130 1704 Et
147 1665 223 1716 ipsi
236 1666 335 1702 intra
355 1677 423 1704 nos
440 1666 645 1716 gemimus,
666 1671 736 1706 etc.
760 1680 842 1715 nos,
860 1670 1024 1721 inquam,
1043 1667 1100 1708 his
1118 1680 1192 1708 non
1213 1681 1280 1707 sa-

20 1729 114 1777 tiati,
131 1727 198 1768 sed
214 1726 260 1767 ad
280 1726 495 1780 perfectiora
512 1729 620 1768 nobis
634 1732 812 1782 promissa
825 1730 965 1781 allecti,
984 1733 1084 1770 intra
1101 1732 1284 1784 nosipsos

19 1791 226 1841 gemimus,
259 1789 472 1831 anhelantes
499 1790 545 1830 ad
570 1791 714 1843 plenam
739 1799 775 1833 et
794 1800 1082 1834 consummatam
1102 1794 1283 1845 adoptio-

22 1865 124 1899 nem,
140 1850 178 1890 id
192 1857 260 1897 est,
280 1850 326 1889 ad
342 1858 516 1891 aeternam
532 1852 753 1905 felicitatem,
770 1855 814 1894 ad
832 1870 939 1908 quam
953 1858 1111 1911 adoptati
1131 1870 1257 1898 sumus
1268 1886 1282 1907 ,

20 1912 311 1964 redemptionem
345 1917 509 1965 corporis
534 1916 671 1962 nostri,
699 1914 735 1955 id
750 1922 820 1963 est,
841 1918 877 1956 in
908 1931 976 1969 qua
1006 1916 1241 1957 liberabimur
1261 1920 1283 1957 ὲ

19 1974 236 2014 mortalitate
254 2006 264 2026 ,
288 1978 582 2030 concupiscentia
604 1984 640 2018 et
668 1979 839 2018 omnibus
865 1979 971 2030 hujus
1001 1982 1087 2019 vitae
1113 1981 1283 2021 miseriis.

75 2035 224 2098 Duplex
238 2046 292 2079 est
308 2040 459 2092 adoptio
476 2040 632 2081 filiorum
651 2039 748 2088 Dei3
765 2056 836 2085 una
858 2041 970 2095 hujus
990 2043 1111 2083 saeculi
1139 2045 1283 2097 imper-

19 2095 141 2146 tecta,
165 2113 248 2152 quae
266 2099 306 2140 fit
330 2114 396 2153 per
422 2103 593 2153 gratiam,
613 2103 683 2155 qud
699 2104 903 2145 secundum
922 2112 1089 2146 mentem
1116 2119 1282 2158 regene-

19 2174 155 2211 ramur,
173 2164 408 2217 adoptamur;
437 2167 544 2208 altera
559 2166 666 2208 futuri
684 2169 804 2210 saeculi
820 2178 1102 2221 consummata,
1123 2170 1193 2226 qua
1213 2184 1280 2211 se-

19 2226 182 2270 'cundum
203 2235 318 2271 totum
330 2230 521 2273 hominem
535 2235 796 2274 renovabimur
809 2235 856 2275 ad
872 2235 1023 2288 gloriam
1040 2253 1048 2278 :
1066 2242 1102 2278 et
1122 2235 1170 2276 ad
1183 2235 1281 2276 hanc

15 2289 217 2341 perfectam
235 2298 270 2332 et
289 2301 577 2336 consummatam
595 2298 873 2337 renovationem
892 2297 1020 2338 fideles
1039 2295 1174 2339 Sancto
1193 2295 1281 2352 Spi-

15 2350 88 2393 ritu
110 2352 206 2403 pleni
221 2352 405 2396 anhelant.
