1410 2554
294 120 474 151 munt-:x
501 120 742 156 xixuosvrro.v
770 110 876 167 Cap..
894 114 989 155 XV.
1179 113 1262 169 377
1280 104 1298 113 ἀ

0 179 158 222 Judaeos
177 178 326 233 quidem
343 209 353 229 ‚
389 194 544 234 quorum
563 184 643 234 ipse
667 180 808 225 Doctor
839 190 876 225 et
896 181 1135 237 Evangelista
1163 181 1231 225 {nit
1244 211 1258 234 ,

0 251 38 286 ut
62 243 274 284 ostenderet
292 240 417 284 Deum
439 258 520 285 ωδε
539 259 733 298 veracem,
753 249 815 300 qui
832 253 1016 301 praestaret
1039 250 1202 300 posteris·
1215 258 1263 291 et

0 319 83 360 quae
100 307 314 359 promiserat
331 303 501 346 Patribus
518 321 529 354 ;

56 383 199 426 Gentes
231 391 380 434 autern,
414 386 546 439 quibus
581 386 676 427 nulla
713 384 804 427 sacta
834 386 948 428 fuerat
981 390 1198 441 promissio,
1217 394 1258 429 ut

0 453 134 502 praeter
150 460 276 499 spem,
298 444 374 486 sola
396 444 470 487 Dei
501 447 748 488 misericordia
763 478 774 497 ,
803 450 850 490 ad
878 450 1031 492 salutem
1054 450 1255 501 admissae,

0 511 178 551 maximas
197 504 291 550 Deo
311 511 441 560 gratias
470 515 576 561 agant
605 524 672 563 pro
703 516 809 550 tanto
835 511 1043 562 beneficio,
1065 526 1143 552 non
1166 514 1258 567 qui-

0 573 86 614 dem
107 574 307 626 promisso,
328 572 394 613 sed
410 579 530 612 tamen
546 576 566 613 a
584 571 777 625 prophetis
795 573 975 625 praedicto
995 589 1005 613 ε
1025 570 1080 614 sic
1098 576 1198 615 enim
1214 576 1254 615 in

0 633 156 677 Psatmis
170 633 336 677 Christus
354 634 453 676 Patri
471 651 538 676 suo
554 637 734 691 loquitur:

55 695 255 750 Propterea
273 697 422 748 gioriam
443 704 538 738 tuam
561 700 655 739 inter
676 705 829 751 gentes,
842 714 908 753 per
927 699 1040 741 fidem
1058 701 1097 741 in
1118 697 1255 740 Eccle-

0 758 51 797 sia
78 764 138 856 mk?
163 756 339 797 admissas
353 786 366 807 ,
390 757 584 798 celebrabo
603 790 614 810 ,
633 765 670 799 et
690 761 831 800 nomini
852 767 916 801 tuo
935 760 1050 801 laudis
1068 759 1255 813 hymnum

0 823 102 860 canta
132 830 171 857 ο.

52 877 196 920 Rursus
213 881 250 919 in
269 876 554 921 Deuteronomii
574 875 726 920 Cantico
739 880 922 934 Scriptura
941 883 1054 922 dicit:
1072 880 1254 923 Laetami-
1280 902 1282 905 ’

0 943 64 991 ni,
82 947 233 994 gentes,
255 944 324 980 una
343 955 425 980 cum
444 942 580 995 populo
599 945 700 994 ejus,
722 946 805 995 quia
821 944 959 985 scilicet
974 948 1046 985 una
1067 957 1151 984 cum
1168 939 1254 984 Ju-

0 1004 89 1045 daeis
110 1005 195 1044 estis
214 1003 367 1057 populus
391 1001 474 1044 Dei.

52 1078 102 1121 Et
121 1082 252 1122 iterum
270 1078 409 1122 Psaim.
435 1080 523 1122 116.
543 1081 682 1122 laudate
703 1080 925 1133 Dominum,
948 1065 1082 1125 etc-fob
1100 1083 1253 1124 miseri-

0 1142 159 1184 cordiam
174 1143 281 1182 vobis
302 1142 432 1183 saetam
450 1156 516 1196 per
530 1140 667 1183 Christi
688 1145 854 1196 gratiam.

52 1216 159 1259 Idem
194 1218 364 1270 praedixit
393 1217 477 1260 lsai.
509 1235 571 1260 ιι.
603 1236 664 1262 ιο.
697 1219 848 1261 Orietur
877 1218 1044 1260 Christus
1065 1233 1112 1260 ex
1141 1221 1255 1272 stirpe

0 1277 125 1326 Jesse3
148 1287 316 1332 exsurget
335 1280 380 1322 ad
400 1281 576 1333 regendas
597 1288 728 1336 gentes
747 1297 756 1329 ;
777 1284 815 1322 in
830 1283 950 1334 ipsum
966 1295 1098 1322 omnes
1123 1286 1256 1333 gentes

0 1340 210 1394 sperabunt.

19 1437 21 1443 ¹
50 1420 191 1463 Precor
213 1425 332 1475 itaque
361 1430 399 1462 ut
419 1420 523 1463 Deus
544 1423 649 1475 ipse,
679 1425 783 1476 spei,
820 1424 911 1462 sicut
934 1428 970 1461 et
999 1423 1181 1474 patientiae
1216 1428 1256 1466 et
1287 1454 1292 1457 .

0 1485 113 1526 solatii
134 1493 281 1536 auctor,
304 1483 357 1534 ss.
377 1486 416 1526 5.
429 1488 541 1538 pleno
559 1499 599 1524 ac
619 1485 778 1537 perfecto
797 1500 863 1525 vos
883 1485 1015 1536 gaudio
1033 1484 1198 1537 repleat,
1215 1491 1254 1525 et

0 1547 218 1587 concordia
210 1561 246 1586 in
265 1546 395 1586 eadem
415 1546 513 1595 fide,
533 1552 570 1584 ut
586 1545 735 1586 excluso
753 1547 852 1585 omni
871 1545 1022 1584 dissidio
1033 1558 1150 1598 ‚spes
1161 1558 1256 1584 ves-

0 1617 53 1650 tra
75 1612 189 1662 magis
205 1623 246 1649 ac
263 1611 379 1661 magis
398 1615 536 1648 ‹rescat
554 1610 591 1648 in
617 1608 724 1647 vobis
746 1621 813 1659 per
835 1610 922 1659 graii
927 1621 986 1647 am
1019 1612 1054 1646 et
1081 1608 1255 1648 virtutem

0 1669 150 1725 Spiritus
181 1673 308 1710 sancti.

50 1746 146 1788 Haec
166 1753 286 1786 autem
305 1747 412 1786 vobis
431 1748 482 1786 sic
496 1760 684 1800 apprccor,
704 1753 743 1787 ut
758 1746 805 1787 de
827 1752 946 1786 vestra
970 1752 1091 1785 tamen
1118 1747 1254 1786 virtute

0 1825 74 1851 non
111 1810 272 1850 diffidam
304 1826 313 1850 ε
346 1812 421 1849 scio
461 1812 580 1858 enirn,
619 1817 657 1850 et
690 1817 806 1850 certus
833 1824 913 1850 sum
932 1809 1032 1862 quod
1047 1811 1134 1848 estis
1154 1807 1254 1848 cha-

0 1877 101 1915 ritate
135 1873 257 1925 pieni‚
278 1878 314 1912 et
342 1874 442 1912 omni
471 1872 622 1913 scientia
646 1872 801 1925 repieti3
829 1872 986 1924 ideoque
1018 1877 1189 1923 potentes
1206 1870 1254 1922 ad

0 1952 66 1978 vos
91 1938 251 1978 invicem
270 1936 520 1983 inonendurn3
542 1939 666 1990 sicque
691 1939 781 1977 meis
800 1949 876 1976 non
896 1935 1088 1987 indigeatis
1116 1934 1252 1975 admo-

0 2002 130 2051 nition
124 2001 217 2040 bus.

0 2087 1 2112 ἓ
51 2075 112 2118 Sir
130 2091 216 2128 eigo
238 2078 363 2129 scripsi
377 2077 509 2125 vobis,
529 2084 567 2117 et
582 2075 702 2116 forsan
724 2076 828 2129 paulo
843 2076 989 2116 tiberius
1007 2077 1160 2128 scripsi,
1175 2089 1254 2116 non

0 2129 1 2143 ¹
24 2146 37 2180 t
54 2153 125 2178 vos
142 2138 260 2178 vetut‘
252 2153 396 2190 ignaros
414 2140 596 2187 doceam
611 2140 677 2181 sed
698 2147 734 2180 ut
750 2141 787 2180 in
808 2141 1022 2179 memoriam
1043 2133 1155 2178 vobis
1173 2133 1254 2192 quae

0 2146 98 2266 genis
122 2203 315 2250 reducamz,
342 2204 488 2256 hocque
516 2212 555 2245 ut
582 2203 800 2257 Apostolico
827 2205 991 2252 muneri,
1011 2217 1032 2243 a
1059 2200 1144 2243 Deo
1160 2199 1254 2243 mihi

2 2269 106 2321 gratis
126 2267 316 2317 imposito,
337 2266 563 2309 satisfaciam.
1099 2279 1102 2282 ·

50 2345 143 2388 Hoc
153 2353 275 2389 autern
292 2360 422 2390 munus
443 2354 498 2388 est
510 2377 521 2399 ‚
536 2353 572 2388 ut
596 2360 670 2402 ego
689 2349 760 2389 sim
779 2348 874 2389 inter
891 2354 1021 2401 gentes
1037 2347 1201 2401 publicus
1215 2362 1256 2390 sa

199 2423 234 2449 ι.
1065 2406 1127 2450 16.
