1410 2554
303 60 312 69 x
365 88 535 125 ramex
558 87 796 119 Exposirio.
825 72 920 142 Cap.
950 71 1071 113 VIII.
1271 70 1352 125 275

375 277 634 325 CAPUT
677 271 1077 321 OCTAVUM.

590 397 857 451 Pamphi-asnis.

100 496 276 584 Nth
295 557 382 594 ergo
402 554 500 581 nunc
518 540 752 581 damnatione
776 539 927 590 dignum
948 539 988 578 in
1004 539 1069 586 iis,
1090 539 1151 591 qui
1172 550 1236 589 per
1252 532 1356 589 Bap-

97 612 246 651 tismum
276 604 369 649 Jesu
400 605 549 648 Christo
580 613 663 646 sunt
695 607 818 654 insiti,
851 607 880 644 si
909 604 1217 656 concupiscentiae
1240 605 1357 644 resis-

98 676 199 718 tunt,
222 675 256 710 et
278 671 325 709 ab
343 668 386 708 eri
409 682 448 709 se
466 669 542 720 regi
556 681 632 707 non
657 669 854 719 patiantur:

155 732 252 784 Quia
263 735 373 786 gratia
389 728 549 784 Spiritus
572 731 804 782 vivificantis,
824 745 909 786 quae
929 732 1030 784 quasi
1050 729 1111 770 lex
1133 737 1188 771 est
1209 731 1246 770 in
1264 743 1357 770 cor-

99 799 207 840 dibus
227 801 359 839 nostris
387 799 500 839 indita
513 828 523 847 ,
539 813 600 838 me
616 804 653 838 et
677 799 846 850 quemvis
861 801 950 838 vere
970 792 1226 837 Christianum
1256 795 1360 838 tibe-

98 867 191 906 ravit
207 868 227 905 a
244 865 433 904 dominatu
450 895 459 914 ,
478 870 514 904 et
531 867 550 904 a
573 869 672 904 reatu
690 864 1014 916 concupiscentiae,
1038 869 1075 903 et
1089 866 1110 902 ὲ
1128 868 1247 902 morte
1266 861 1358 902 iilius

37 918 39 927 Α
97 930 248 969 comite.

154 991 252 1034 Nam
271 992 370 1044 quod
393 991 451 1031 lex
479 988 643 1031 Mosaica
662 997 833 1044 praestare
854 1005 931 1032 non
952 993 1091 1044 potuit,
1111 992 1195 1045 quia
1214 990 1364 1032 infirma

100 1062 199 1104 erat,
216 1068 294 1095 non
310 1061 384 1095 tam
399 1056 437 1094 in
451 1051 593 1107 seipsa,
619 1056 730 1108 quam
750 1060 900 1108 propte.-
915 1054 1098 1095 infirmam
1115 1067 1262 1094 carnem
1280 1053 1363 1095 ho—

99 1121 263 1169 minnm,
286 1121 347 1172 qui
366 1118 486 1172 legem
503 1117 662 1172 alioquin
687 1125 854 1159 sanctam
884 1118 1038 1173 implere
1063 1131 1140 1158 non
1162 1123 1359 1171 poterantz

84 1174 173 1222 ‘hoc
198 1179 302 1223 Deus
323 1183 507 1235 praestitit,
541 1181 630 1222 dum
652 1177 789 1221 Filium
819 1194 925 1221 suum
957 1182 1058 1222 misit
1087 1181 1125 1223 in
1160 1179 1367 1228 mundum,-

101 1258 168 1298 per
185 1251 407 1298 assumptam
425 1259 595 1294 carnem,
614 1245 712 1284 carni
733 1245 924 1296 peccatrici
942 1241 1120 1290 similem
1137 1248 1174 1282 et
1190 1241 1279 1282 dum
1291 1255 1362 1296 per

102 1309 200 1353 hanc
215 1326 362 1354 carnem
380 1315 401 1353 a
416 1310 511 1353 Filio
524 1325 590 1352 suo
605 1317 848 1364 assumptam,
869 1316 906 1351 et
929 1311 1031 1362 quasi
1054 1311 1297 1363 peccatricem
1318 1311 1360 1351 in

105 1385 212 1413 cruce
230 1385 464 1425 suspensam3
488 1378 699 1425 peccatum,
720 1385 784 1412 seu
811 1370 980 1412 fomitem
995 1373 1153 1424 peccati,
1169 1370 1363 1413 damnavit

105 1431 154 1473 de
170 1439 320 1485 peccato
335 1435 480 1486 proprie
497 1433 612 1484 dicto,
631 1447 751 1487 eoque
764 1432 966 1486 multiplici,
988 1438 1023 1472 et
1035 1434 1154 1485 ipsum
1166 1434 1364 1485 quasisce·

104 1492 189 1534 teris
203 1507 306 1534 reum
318 1493 510 1536 interfecit.

159 1552 213 1595 Ut
233 1569 300 1596 nos
312 1585 324 1606 ,
338 1552 556 1606 Christiani,
575 1556 746 1596 mandata
763 1553 836 1597 Dei
855 1570 1107 1604 servaremus;
1127 1570 1203 1596 non
1223 1558 1365 1598 viver&

104 1621 160 1657 tes
181 1615 334 1669 amptius
355 1617 557 1657 secundum
572 1619 844 1671 corruptionem
869 1619 1007 1668 earnis,
1029 1632 1110 1671 quae
1124 1618 1213 1670 legis
1231 1618 1367 1659 adim-

102 1679 306 1733 pletionem
317 1680 554 1735 impediebam
568 1681 634 1722 sed
652 1682 854 1723 secundum
871 1683 1040 1735 spiritum'
1050 1680 1201 1732 Christi,
1215 1684 1362 1735 quinos

101 1741 124 1780 ὲ
147 1748 297 1793 peccato
320 1741 509 1791 liberavit,
534 1743 716 1798 nobisque
734 1744 796 1784 dat
813 1745 912 1783 vires
931 1742 1051 1796 legem
1068 1744 1307 1798 adimptendi.

161 1800 236 1853 Qui
255 1807 355 1845 enim
370 1805 572 1845 secundum
592 1820 739 1847 carnem
761 1809 915 1856 vivunt,
931 1806 1084 1847 carnaiia
1098 1810 1236 1848 tantum
1252 1812 1362 1862 cogi-

103 1873 182 1908 tant
194 1873 231 1907 et
249 1868 412 1918 sapiunt;
430 1868 491 1919 qui
509 1871 599 1908 vero
615 1869 818 1910 secundum
834 1872 1000 1923 spiritum
1015 1872 1165 1920 vivunt,
1185 1873 1364 1925 spiritua-

102 1929 150 1972 lia
167 1931 324 1983 cogitant
337 1935 371 1969 et
387 1933 542 1983 sapiunt.

157 2014 210 2058 At
230 2018 382 2057 carnalia
399 2031 550 2071 sapere,
573 2031 671 2060 mors
688 2026 745 2060 est
758 2021 912 2061 animae:
929 2034 1059 2073 sapere
1076 2023 1169 2062 vero
1185 2021 1362 2073 spiritua-

101 2079 146 2120 tia
156 2110 167 2129 ,
181 2082 255 2120 vita
273 2087 308 2122 et
323 2091 393 2135 pax
407 2084 548 2123 animae.

161 2157 350 2213 Carnatia,
371 2165 547 2216 inquam,
578 2178 728 2217 sapere,
762 2179 863 2206 mors
892 2172 947 2207 est
978 2168 1138 2217 animae,
1168 2169 1252 2221 quia
1282 2167 1364 2208 tatis

106 2225 281 2277 sapientia
298 2233 351 2266 est
367 2228 556 2267 inimicitia
575 2241 658 2281 cum
678 2225 765 2268 Deo
778 2258 789 2276 ,
807 2227 878 2281 legi
898 2226 970 2270 Dei
984 2238 1162 2284 repugnat
1178 2261 1189 2280 ,
1212 2238 1248 2272 et
1276 2231 1364 2272 ideo

107 2286 175 2339 ipsi
192 2288 318 2338 subjici
344 2302 419 2329 non
447 2296 569 2343 potest
591 2292 700 2343 :quia
719 2286 861 2333 scilicet
890 2295 1003 2347 ipsius
1031 2297 1268 2348 oppositum,
1296 2308 1368 2337 seu

105 2348 357 2399 repugnantia.
