1410 2554
0 0 132 7 ῥ’

8 2426 46 2554 'l

372 66 553 116 τιιινιὶκ
581 84 816 121 uvosrrro.
843 70 943 127 Cap.
968 69 1022 113 V.
1252 73 1332 116 123

114 146 320 190 Peccatum
333 175 344 197 ,
362 145 501 187 scilicet
521 145 696 198 originale
708 174 721 196 ,
739 144 828 188 hinc
841 147 880 187 in
895 142 1068 197 singulari
1084 157 1240 184 numero
1263 158 1336 186 ex-

63 228 231 270 pressum
244 242 257 264 ‚
278 213 330 252 ait
348 208 400 252 D.
417 206 603 250 Thomas.

120 275 284 318 lntmoit
308 273 347 312 in
365 270 562 312 mundum.
588 268 635 311 ln
657 284 788 312 omnes
811 270 941 311 mundi
969 269 1122 320 incolas,
1145 277 1180 311 et
1200 284 1250 311 ne
1270 285 1338 325 per

65 345 258 395 peccatum
275 367 286 387 ‚
308 325 486 385 intelligas
499 339 691 385 peccatum
706 334 955 387 metonymice
967 362 978 383 ‚
994 346 1059 373 seu
1076 346 1227 386 poenam
1245 348 1335 387 pec-

69 407 159 453 cati,
176 403 214 443 id
232 407 287 442 est
302 404 482 446 mortem,
501 396 628 437 addit:

129 468 180 508 Et
197 467 472 519 per-peccatum
490 475 602 500 mors.
626 457 727 513 Ergo
743 475 808 514 per
829 467 1019 515 peccatum
1039 464 1147 514 supra
1169 474 1245 502 non
1270 463 1336 503 in-

71 529 212 572 tellexit
227 530 406 572 mortem,
426 521 493 562 sed
513 528 708 574 peccatum
730 525 874 576 proprie
887 523 1045 574 dictum,
1063 522 1163 578 quod
1178 530 1233 564 est
1245 538 1338 567 cau-

73 607 113 634 sa
131 591 274 632 mortis.

128 650 192 694 Ne
209 652 318 692 etiam
335 649 433 688 dicas
445 654 636 702 peccatum
651 646 804 688 intrasse
823 655 859 689 et
878 650 1128 702 pertransiisse
1144 650 1182 689 ίη
1205 664 1339 692 omnes

74 718 269 763 homines,
303 725 369 766 per
387 711 503 752 solam
531 714 796 761 imitationem,
827 727 903 753 non
932 728 998 768 per
1030 715 1339 766 propagationem

54 779 272 822 ,naturalem
294 791 304 815 z
329 773 534 828 Apostolus
563 775 748 816 multoties
773 773 935 816 affirmat
964 784 1155 830 peccatum
1186 778 1341 822 intrasse

77 845 118 884 in
130 840 310 882 mundum
325 852 390 891 per
406 834 609 887 Adamum,
625 840 716 879 sicut
729 839 863 888 justitia
881 852 946 891 per
962 836 1151 879 Christum
1169 842 1317 883 intravit
1333 858 1345 882 :

75 907 175 958 atqui
190 905 324 956 justitia
342 915 418 942 non
437 902 640 941 imitatione
655 903 795 940 tantum
808 930 819 950 ‚
842 901 908 940 sed
925 903 1071 953 proprie
1088 907 1123 941 et
1141 915 1206 954 per
1221 917 1283 955 se,
1303 912 1342 946 et

75 982 142 1023 per
176 967 492 1020 regenerationem
522 966 560 1004 in
587 961 735 1003 Christo
762 965 871 1004 nobis
901 967 1189 1005 communicatur
1210 982 1219 1006 :
1252 959 1343 1023 ergo

74 1032 152 1084 pari
171 1029 284 1070 modo
299 1034 498 1082 peccatum
518 1028 558 1066 in
575 1027 756 1066 mundum
774 1027 930 1067 intravit
946 1042 1012 1080 per
1036 1026 1237 1070 Adamuni.

57 1118 61 1123 -
129 1094 179 1133 In
198 1108 271 1146 quo
297 1106 425 1132 omnes
449 1098 722 1143 peccam-unu
741 1090 778 1130 id
799 1096 881 1141 est,
914 1092 952 1130 in
979 1104 1052 1144 quo
1082 1105 1156 1130 uno
1187 1090 1342 1133 homine

77 1161 253 1208 tauquam
269 1156 309 1194 in
329 1156 447 1208 capite
462 1166 593 1193 omnes
610 1153 781 1192 homines
795 1181 807 1202 ‚
826 1166 873 1193 ex
890 1152 1043 1193 decreto
1062 1150 1136 1192 Dei
1154 1183 1166 1204 ‚
1189 1153 1343 1194 morali-

74 1223 132 1258 ter
150 1217 279 1257 inclusi
298 1223 335 1256 et
361 1217 541 1264 contenti,
565 1222 823 1266 peccaverunt.

128 1276 315 1330 Equidem
329 1307 340 1327 ‚
363 1277 451 1317 illud
469 1279 508 1316 in
525 1291 617 1330 quo,
636 1276 744 1330 aliqui
762 1306 771 1326 ‚
793 1291 870 1317 non
885 1279 1025 1317 tantum
1040 1279 1286 1328 recentiores,
1302 1290 1344 1324 ut

73 1337 276 1389 Erasmus,
298 1336 471 1391 Grotius,
490 1340 557 1380 sed
583 1346 620 1379 et
645 1342 891 1392 antiquiores,
917 1354 954 1378 v.
981 1352 1016 1390 g.
1038 1336 1085 1377 D.
1106 1336 1342 1394 chrysosto-

73 1417 176 1452 muS,
193 1409 342 1443 vertunt
368 1410 573 1455 quatenus,
596 1402 635 1440 in
652 1410 846 1454 quantum.
866 1399 942 1442 Sed
967 1405 1208 1453 praeterquam
1242 1400 1343 1455 quod

73 1466 157 1508 haec
174 1461 360 1518 expositio
375 1480 453 1506 non
486 1471 542 1506 est
570 1469 676 1517 aeque
701 1465 884 1513 litteralis,
905 1478 983 1504 non
1003 1464 1156 1518 impedit
1184 1466 1271 1518 quin
1297 1480 1346 1507 ex

71 1528 148 1570 hoc
165 1537 267 1570 textu
289 1530 481 1581 colligatur
502 1535 693 1580 peccatum
711 1529 901 1581 originale3
925 1521 1118 1582 quomodo
1133 1531 1233 1569 enim
1253 1546 1343 1570 om-

73 1607 139 1632 nes
151 1593 343 1642 homines,
369 1594 480 1632 etiarn
497 1591 653 1632 infantes
673 1622 684 1644 ,
701 1600 947 1644 peccaverunt
959 1621 970 1642 ‚
989 1594 1059 1632 nisi
1076 1594 1113 1632 in
1133 1590 1257 1634 Adam
1272 1608 1344 1647 pa-

73 1661 131 1697 tre
150 1670 217 1697 suo
230 1651 252 1696 't’

92 1732 104 1740 ⁴
125 1717 255 1759 Manet
272 1732 360 1771 ergo
380 1715 569 1758 Catholica
592 1720 748 1767 veritas,
771 1719 870 1772 quod
886 1733 1017 1760 omnes
1034 1718 1207 1759 homines
1232 1722 1343 1761 etiam

0 1786 1 1799 ¹
69 1779 228 1820 infantes
242 1809 254 1830 ‚
276 1780 314 1820 in
340 1775 489 1820 Adamo
502 1811 514 1831 ‚
532 1780 653 1821 radice
669 1812 679 1831 ‚
700 1788 850 1833 parente
866 1812 875 1830 ‚
899 1796 940 1822 ac
962 1783 1142 1834 principio
1158 1795 1225 1822 suo
1245 1797 1341 1836 pec-

0 1841 1 1850 ³
72 1849 260 1884 caverunt.
273 1840 323 1884 Et
341 1845 388 1883 ita
407 1843 598 1884 definitum
614 1851 669 1885 est
686 1847 724 1886 in
745 1846 900 1887 coneilio
920 1844 1170 1899 Areusicuno,
1189 1845 1344 1889 Milevi-

70 1911 173 1952 tano,
193 1911 230 1944 et
244 1904 394 1945 tandem
405 1902 579 1946 Trident.
592 1921 684 1947 sess.
702 1907 742 1948 5.
760 1922 794 1947 c.
812 1909 851 1958 4.

126 1965 291 2010 Adamus
317 1971 453 2023 quippe
475 1976 577 2023 pater
596 1976 632 2010 et
657 1972 827 2024 princeps
848 1979 973 2012 noster
997 1986 1128 2013 omnes
1162 1972 1339 2015 homines

70 2031 285 2071 continebat
305 2037 341 2071 et
356 2033 662 2084 repraesentabat;
683 2036 922 2087 omniumque
946 2033 1140 2074 hominum
1159 2036 1341 2077 volunta—

69 2096 126 2132 tes
143 2094 196 2133 sic
217 2099 340 2140 erant,
361 2107 408 2134 ex
424 2090 504 2135 Dei
530 2095 700 2147 decreto,
722 2099 759 2136 in
775 2095 907 2137 Adami
923 2097 1150 2139 voluntatem
1166 2099 1336 2141 transsu-

67 2165 120 2192 sae
135 2182 146 2201 ‚
171 2159 211 2194 ut
224 2184 234 2203 ‚
255 2157 336 2207 ipso
349 2153 495 2199 Adamo
514 2164 688 2210 peccante
701 2189 712 2208 ‚
735 2173 950 2200 censeamur
964 2174 1094 2200 omnes
1107 2164 1340 2218 peccavisse·

120 2213 271 2271 Excipe
289 2216 477 2261 Christum
503 2218 719 2264 Dominum
734 2254 744 2273 ‚
769 2222 1067 2278 Redemptorem
1084 2233 1254 2267 nostrum
1268 2257 1278 2276 ‚
1301 2242 1343 2277 et

65 2286 216 2333 propter
230 2281 350 2332 ipsum
372 2289 503 2337 excipe
517 2283 565 2326 Β.
582 2284 786 2339 Deiparam
805 2286 1000 2342 Virginem
1018 2321 1030 2340 ‚
1052 2293 1341 2344 primogenitam

65 2338 357 2395 Redemptionis
375 2342 461 2388 Filii
478 2351 531 2389 sui
550 2345 686 2403 filiam,
707 2359 745 2392 ut
767 2354 815 2392 ait
838 2351 876 2394 S.
894 2350 1159 2396 Bernardinus.
