1410 2554
351 45 535 102 rnmmx'
556 44 785 77 nxvosrno.
814 33 910 87 Cap.
929 31 1029 76 XV.
1207 32 1289 89 395

526 135 547 166 s
559 135 584 164 Β.
598 135 621 165 c
633 135 662 164 u
672 135 702 165 n
715 135 742 165 n
753 121 793 165 ὸ.

85 209 149 254 Ex
170 212 307 254 eodem
327 214 444 266 capite
471 211 570 253 disce
587 210 898 253 fundamentalem
914 210 1096 253 charitatis
1120 217 1158 253 et
1175 212 1291 254 mise-

31 277 203 318 ricordiae
216 283 350 317 nostrae
365 285 451 328 erga
470 276 680 328 proximum
698 277 876 316 rationem
891 291 900 322 ς
922 276 1094 315 nimirum
1111 273 1288 316 ineffabi-

33 340 109 381 lem
126 338 211 381 Filii
228 338 304 379 Dei
326 351 411 390 erga
432 351 502 378 nos
517 335 781 378 humanitatem
796 351 838 378 ac
862 338 1144 390 benignitatem,
1161 343 1198 378 et
1215 338 1289 378 ad·-

33 401 239 444 mirabilem
267 408 416 455 propter
429 414 497 440 nos
515 399 821 442 condescensum.

88 465 262 505 Christus
283 465 445 516 suscepit
473 478 541 503 nos
559 465 598 502 in
631 463 808 503 honorem
831 463 906 503 Dei
915 477 931 510 ,·
950 476 1020 503 nos
1045 465 1115 505 sibi
1137 464 1291 505 sociavit

0 556 1 571 t
33 542 165 569 omnes
181 546 191 577 ;
211 531 248 568 in
263 527 517 569 Incarnatione
533 541 596 567 sua
614 533 754 567 nostras
767 541 897 568 omnes
913 529 1072 580 suscepit
1089 527 1290 568 infirmita-

0 580 1 591 *
33 597 90 633 tes
106 609 115 640 ;
135 593 173 632 in
190 594 362 646 passione
378 605 442 631 sua
459 590 537 631 tulit
552 592 676 631 omnia
692 596 814 630 nostra
831 595 1001 642 peccata3
1017 596 1095 630 toto
1114 603 1191 630 suae
1203 592 1291 631 vitae

30 659 199 707 tempore
223 668 299 694 non
319 654 389 693 sibi
406 652 557 705 placuit;
577 653 731 706 propriis
753 651 977 701 commodis,
998 658 1058 692 aut
1076 653 1189 703 quieti
1208 663 1290 691 nou

30 717 168 759 studuit
184 747 194 768 ,
214 718 281 758 sed
298 723 435 757 nostrae
450 717 553 758 saluti
570 747 581 767 ,
602 724 637 758 et
655 716 778 770 gloriae
797 711 892 755 Dei.

0 786 2 789 ’
85 777 187 832 Ergo
206 787 242 821 et
253 794 320 821 nos
340 780 520 822 debemus
533 779 683 821 fratrum
700 779 926 819 infirmitates
941 778 1034 819 ferre
1048 809 1058 828 ,
1079 780 1166 832 ipsis
1179 792 1289 820 com-

29 843 126 895 pati,
147 841 287 882 illorum
307 841 512 882 commodis
529 847 566 882 et
589 841 691 882 saluti
707 841 853 882 studere
866 870 876 890 ,
908 839 974 880 illis
1007 838 1234 892 complacere
1252 846 1290 881 et

29 904 180 955 favere,
200 905 246 945 ad
265 905 407 946 illorum
421 905 583 954 bonum,
605 911 641 945 et
662 904 812 956 gloriam
829 901 915 944 Dei.

554 990 755 1036 'renno-

81 1079 134 1124 Et
151 1081 238 1123 him:
254 1082 362 1123 simul
380 1081 479 1122 disce
496 1080 694 1123 christiane
712 1087 747 1122 et
766 1082 951 1122 meritorie
963 1079 1082 1122 facere
1095 1109 1107 1130 ,
1129 1078 1230 1134 quod
1249 1081 1291 1121 iu

27 1161 94 1191 usu
111 1147 350 1201 frequentiori
367 1148 407 1188 fit
428 1148 583 1189 civiliter
596 1150 737 1188 tantum
751 1177 761 1197 ,
784 1154 819 1188 et
837 1147 1029 1200 aliquando
1043 1177 1054 1197 ,
1073 1149 1149 1187 imo
1166 1158 1286 1198 saepe,

27 1223 113 1259 cum
131 1216 283 1265 peccato
299 1225 309 1257 3
326 1209 461 1250 scilicet
479 1212 651 1262 proximo
668 1208 911 1261 complacere,
929 1209 1176 1256 salutationes,
1193 1208 1288 1246 ami-

27 1271 129 1312 citias
142 1301 153 1322 ,
173 1277 209 1312 et
229 1268 297 1310 alia
315 1269 526 1322 hujusmodi
546 1273 646 1324 signa
668 1269 870 1311 honestatis
892 1269 1098 1317 exhibere;
1125 1267 1200 1308 hoc
1223 1268 1289 1308 fiat

23 1345 77 1375 ex
92 1332 266 1375 charitate
282 1363 292 1383 ,
312 1332 359 1374 ad
377 1332 588 1387 exemplum
607 1332 789 1373 charitatis
820 1328 959 1372 Christi
979 1361 992 1382 ,
1021 1333 1062 1371 in
1082 1331 1224 1371 bonum
1248 1333 1288 1370 et

26 1399 77 1443 ad
94 1399 378 1442 aedificationem
404 1402 564 1454 proximi
582 1416 592 1440 ε
620 1407 656 1442 et
673 1407 759 1441 tunc
779 1401 845 1441 erit
863 1400 958 1440 actio
979 1399 1163 1439 meritoria
1179 1427 1189 1447 ,
1219 1402 1289 1438 ut-

27 1471 119 1520 pote
135 1465 275 1507 divinae
294 1465 478 1506 charitatis
495 1467 589 1506 actio
611 1481 620 1505 :
641 1468 746 1506 secus
763 1494 775 1516 ,
795 1467 878 1505 cum
893 1464 934 1505 fit
955 1478 1003 1504 ex
1023 1461 1289 1515 complacentia

26 1529 210 1580 humana,
242 1545 326 1572 cum
355 1530 588 1582 adulatione,
622 1544 705 1570 cum
737 1529 945 1570 mendacio.
967 1526 1065 1571 Vide
1088 1527 1288 1568 discrimen

27 1592 306 1645 complacentiae
327 1589 566 1642 Christiane,
593 1599 629 1633 et
649 1592 868 1641 mundanae,
896 1587 949 1641 Y.
971 1607 1009 1632 2.

87 1651 199 1694 Hanc
225 1650 467 1693 Christianam
503 1652 805 1705 complacentiam
828 1652 934 1693 divus
962 1648 1097 1692 Paulus
1127 1664 1195 1692 suo
1217 1663 1288 1693 nos

35 1715 147 1758 docet
168 1715 364 1771 exemplo,
385 1698 433 1759 Ῠ.
456 1715 505 1765 14
521 1723 557 1757 et
576 1715 638 1757 15.

550 1799 772 1852 Quanto.

84 1884 262 1940 Denique
284 1901 333 1928 ex
353 1887 429 1929 hoc
446 1890 564 1942 capite
591 1888 691 1930 disce
708 1896 744 1930 et
762 1896 848 1930 nota
875 1890 974 1944 quod
1000 1889 1212 1944 praedicatio
1239 1890 1288 1929 sit

30 1950 247 1990 sacrificium
268 1965 278 1990 ι
308 1958 345 1992 et
364 1951 447 1993 ideo
463 1952 576 1993 debet
597 1954 834 1993 concionator
849 1953 896 1993 ad
912 1967 992 1993 eam
1012 1951 1142 2006 magna
1162 1953 1287 2004 pieta-

27 2016 90 2061 te,
126 2014 280 2064 puritate
296 2041 309 2063 ,
343 2019 380 2053 et
412 2014 532 2054 studio
566 2027 609 2055 se
638 2027 839 2068 praeparare
858 2030 867 2061 ;
901 2014 950 2054 ad
987 2012 1060 2055 Dei
1108 2013 1282 2066 gloriam,

28 2078 68 2114 et
86 2073 134 2114 ad
165 2076 367 2116 animarum
385 2076 540 2118 salutem
559 2079 682 2118 omnia
697 2076 859 2127 referre,
884 2075 1037 2131 haecque
1051 2075 1125 2117 duo
1145 2078 1288 2117 tantum

27 2138 237 2181 intendere.
640 2154 644 2157 ·

83 2201 209 2246 Debet
230 2206 435 2248 auditorum
458 2208 592 2259 corda,
625 2211 727 2263 quasi
750 2210 939 2261 victimam
953 2239 964 2259 ,
995 2207 1192 2261 precibus,
1221 2207 1285 2249 la-

28 2270 165 2321 crymis
185 2299 196 2320 ,
211 2271 427 2322 poenitentizi
449 2272 496 2312 ad
512 2273 837 2314 sanctificationem
860 2283 1087 2326 praeparare;
1108 2270 1286 2329 Spiritum

27 2334 194 2370 sanctum
212 2343 321 2384 super
339 2331 396 2373 illa
420 2333 564 2375 assidue
586 2337 772 2376 invocare.
793 2332 893 2378 Vide
920 2333 999 2376 ress.
1018 2348 1113 2376 mor.
1133 2332 1190 2387 Ῠ.
1221 2331 1286 2375 16.
