1410 2554
361 40 542 70 ‘minax
562 39 794 71 εκνοειτιο.
818 28 911 82 Cap.
929 28 1052 89 ΧΙΙζ.
1226 26 1307 80 ὃζι

50 101 188 142 testatis
217 100 396 152 regimine
434 99 648 142 hominess
674 101 795 142 multis
825 100 1023 141 sceleribus
1054 107 1307 150 coerceantur,

50 165 221 215 justitiam
240 169 277 203 et
296 177 426 218 pacem
457 165 576 205 colant
594 195 606 216 ‚
628 179 698 206 nec
729 179 811 206 sese
830 167 957 205 mutuo
972 162 1154 204 devorent
1179 170 1218 205 ut
1237 164 1311 217 lupi

53 233 91 266 et
110 228 241 277 pisces.

106 285 197 327 Dixi
217 295 437 339 potestatem
457 290 676 328 soeculurem
696 304 773 328 esse
795 291 820 327 ὰ
845 290 942 336 Deo,
966 288 1099 327 saltem
1118 288 1280 327 mediat&
1293 302 1311 334 ,-

52 340 229 403 tum‘quia
245 350 307 391 suit
326 350 519 403 aliquando
537 349 654 391 a‘Deo
672 351 883 393 immediate
896 382 906 401 ‚
926 349 1029 391 Deus
1043 353 1144 390 enim
1161 348 1309 391 Saulem

50 410 188 453 Judaeis
217 412 362 466 Regem
393 413 518 458 dedum
552 421 627 454 tum
656 416 738 467 quia
769 412 1000 467 providentia
1037 413 1181 466 speciali
1212 426 1311 468 saepe

49 481 264 528 attemperat
301 490 411 529 regna
443 476 673 516 subditorum
704 477 937 525 utilitatibus,
973 482 1033 515 aut
1065 478 1182 529 poenis
1209 478 1311 527 juxta

49 538 192 589 merita.

102 597 207 641 Deus
225 601 323 640 enim
337 630 346 646 ,
364 603 410 641 ait
429 598 710 649 Theodoretus,
726 597 758 641 si
778 604 952 654 propitius
967 600 1071 642 suerit
1083 632 1093 651 ‚
1116 603 1175 644 dat
1192 595 1311 643 Prin-

51 657 179 717 cipes,
201 665 260 716 qui
290 666 422 715 justum
442 664 565 719 colunt
594 671 630 705 et
662 665 859 704 observant
880 679 888 702 :
918 664 1025 704 Dabo
1047 674 1215 716 pastores
1245 680 1310 705 se·-

51 725 212 764 cundum
236 739 300 763 cot·
317 739 453 767 mcum.
470 721 614 767 Jereni.
630 723 669 766 3.
691 722 785 766 Cilm
801 732 922 766 autem
944 725 1019 766 vult
1040 740 1103 767 eos
1134 729 1194 779 qui
1213 741 1310 779 pec-

49 789 322 839 cantcastigare‚
344 803 407 828 eos
425 791 533 830 etiam
549 793 568 829 a
592 789 692 829 malis
723 786 961 842 Principibus
999 794 1075 844 regi
1103 792 1279 845 permittit
1299 807 1309 832 ε

49 844 279 888 constituam
308 849 621 899 adolescentulos,
656 847 849 901 Principes
883 865 1008 892 eorum
1026 883 1035 902 ‚
1080 859 1116 892 et
1147 851 1311 892 illusores

51 909 335 950 dominabuntur
357 913 422 951 eis.
446 909 531 952 lsai.
558 909 596 952 3.
630 912 668 960 4.
689 910 743 952 ha
760 909 1024 953 'l‘heoiloretns
1057 912 1155 954 hunc
1188 913 1310 953 locum

51 974 133 1012 citat
154 986 264 1025 quem
285 986 352 1012 nos
372 972 524 1026 legimus
545 989 554 1014 ς
585 974 695 1014 Dabo
716 989 852 1027 pucros
878 974 1218 1027 Principes-eorum
1234 1005 1246 1025 ‚
1273 982 1312 1015 ee

47 1033 265 1086 {sseml'nafl
280 1035 574 1076 dominabuntur
588 1039 653 1078 εἰς.
670 1035 755 1078 Isai.
775 1037 812 1078 3.
833 1038 872 1087 Ι...

102 1093 307 1149 Notarpost
325 1094 690 1154 D.·Chrysostornum
703 1129 717 1152 ‚
739 1107 773 1140 et
792 1107 876 1152 post
893 1098 946 1141 D.
963 1098 1154 1143 Thornam
1169 1131 1181 1151 ‚
1207 1099 1309 1157 q'ubd

50 1161 172 1200 omnis
201 1166 361 1213 potestas
388 1163 425 1201 in
451 1174 491 1202 se
509 1162 760 1212 consideran,
779 1167 799 1203 a
821 1161 905 1204 Deo
933 1163 1082 1217 quidem
1118 1170 1172 1204 est
1194 1176 1206 1213 5
1226 1169 1262 1205 et
1285 1166 1307 1202 a

48 1220 136 1263 D'co
156 1222 344 1271 ordinata;
381 1238 458 1265 non
488 1232 611 1266 tamen
643 1229 764 1267 omnis
785 1227 831 1267 ad
860 1233 1081 1281 potestatem
1107 1230 1309 1279 ingressus,

48 1297 120 1326 nec
139 1287 259 1327 omnis
280 1289 466 1340 potestatis
480 1302 578 1330 usus.

104 1346 211 1389 Licet
225 1355 347 1390 autem
365 1351 445 1403 quis
467 1350 530 1391 suti
554 1351 763 1392 abuteretur
784 1359 964 1405 potestate
981 1382 994 1400 ,
1013 1353 1218 1394 dummodo
1247 1352 1310 1394 le·-

49 1414 174 1464 gitime
192 1420 331 1454 creatus
347 1416 413 1462 sit,
435 1429 539 1455 suam
565 1414 677 1456 habet
699 1418 720 1455 ὸ
741 1414 824 1456 Deo
854 1423 1088 1469 potestatem.
1110 1414 1207 1459 Vide
1228 1415 1303 1459 ¹hac

49 1475 97 1515 de
115 1485 158 1515 re
177 1472 320 1515 Divum
341 1475 611 1528 Augustinuma
629 1473 800 1518 Cornelio
823 1479 984 1518 citatum.

105 1535 163 1590 ss.
194 1553 232 1578 2.
257 1538 397 1592 Itaque
414 1539 480 1590 qm·
493 1540 641 1580 resism.
740 1537 938 1581 Conclusio
967 1554 1123 1595 sequens
1145 1554 1194 1581 ex
1211 1553 1308 1594 pra·

49 1600 183 1642 missis.
216 1598 260 1640 ln
295 1600 368 1641 hoc
399 1599 500 1643 Deus
534 1617 609 1643 non
641 1611 826 1657 separatur
854 1605 900 1645 ab
932 1603 1107 1653 homine,
1142 1605 1210 1657 qui
1238 1616 1308 1644 ωε

15 1697 17 1699 .
47 1667 212 1718 spernit,
239 1679 298 1704 me
314 1667 469 1717 spernit.
489 1666 570 1720 Qui
580 1674 706 1707 aulem
730 1670 931 1716 resistunt,
951 1668 1085 1709 scilicet
1106 1669 1275 1723 potestati
1292 1697 1306 1718 ‚

43 1728 327 1767 damnationem
345 1727 420 1768 sibi
438 1731 638 1782 acquirunt
659 1736 835 1771 aeternam
853 1729 999 1780 anco,
1020 1729 1260 1784 temporalem
1285 1733 1307 1769 a

47 1786 275 1840 Magistratu-

103 1848 142 1891 A
168 1849 253 1892 Deo
272 1857 328 1891 est
358 1857 544 1904 potestas:
567 1867 654 1906 ergo
687 1855 857 1909 potestati
886 1854 1042 1895 debetur
1060 1853 1196 1904 honor,
1229 1867 1308 1894 non

45 1916 185 1953 tantfim
204 1915 382 1962 exterior,
403 1914 469 1954 sed
486 1921 521 1954 et
541 1916 712 1966 interior,
738 1922 777 1956 ut
799 1914 870 1957 Dei
883 1914 1030 1956 vicario
1052 1930 1117 1956 seu
1134 1916 1304 1968 imagini:

46 1973 201 2015 debetur
216 1974 427 2015 obedientia
443 2006 454 2022 ,
472 1990 549 2017 non
566 1976 695 2026 civilis,
711 1986 747 2018 et
765 1979 909 2032 politica
927 1981 1067 2019 tantilm
1080 2008 1094 2030 ,
1114 1977 1181 2018 sed
1193 1979 1305 2018 etiam

46 2036 247 2076 voluntaria
265 2043 302 2077 et
326 2051 373 2077 ex
393 2038 503 2078 corde
515 2063 539 2087 ‚-
552 2052 616 2092 per
633 2048 837 2093 respectum
858 2041 905 2081 ad
919 2037 1056 2080 Deum.

102 2095 140 2138 A
151 2095 239 2139 'Deo
252 2105 309 2139 est
326 2098 431 2147 ordo,
453 2107 490 2140 et
506 2100 693 2142 distinctio
704 2105 915 2155 potestatis:
931 2117 1018 2155 ergo
1032 2115 1108 2142 non
1124 2114 1308 2156 supremae

47 2160 187 2199 tantam
199 2188 212 2210 ‚
231 2159 296 2200 sed
314 2166 350 2200 et
365 2162 614 2203 subordinatis
633 2164 835 2215 parendum
852 2172 921 2207 est.

101 2215 140 2259 A
162 2217 247 2260 Deo
268 2228 351 2262 sunt
371 2219 590 2277 Principes,
624 2231 660 2265 et
682 2223 920 2279 Superiores,
954 2230 1064 2269 etiam
1091 2242 1165 2269 non
1187 2230 1278 2270 boni
1294 2259 1306 2276 ‚

44 2278 206 2333 legitime
214 2290 338 2325 tamen
354 2290 461 2328 creati
477 2303 587 2342 :ergo
600 2293 638 2329 et
656 2289 744 2341 ipsis
759 2290 960 2342 parendum
974 2306 984 2339 ;
1003 2291 1124 2333 honor
1137 2294 1223 2345 ipsis
1234 2306 1305 2333 ex·
