1410 2554
332 10 516 58 rainu
547 27 776 58 uxrosrrio.
805 11 900 68 Cup.
929 13 1055 54 XIII.
1248 11 1334 67 343

66 92 229 139 rueretur,
249 85 317 127 sed
337 91 462 129 contra
480 82 707 142 vituperetur
721 92 758 127 et
775 86 963 139 puniatur;
986 84 1060 125 hoc
1073 82 1222 138 quidem
1235 78 1335 125 con-

66 156 121 191 ira
145 148 220 190 Dei
241 149 412 191 ordinem
431 165 514 192 esse
534 166 544 190 t
564 164 643 191 non
670 156 792 190 tamen
808 150 889 190 sine
913 146 988 190 Dei
1020 148 1237 194 voluntate;
1256 146 1332 189 Dei

62 214 234 257 voluntas
265 220 347 264 est,
379 220 417 254 ut
450 216 628 268 patienter
654 212 745 253 serat
780 210 953 262 inferior,
981 216 1016 251 et
1040 214 1086 251 εὸ
1118 212 1296 261 majorem
1309 213 1332 250 ὲ

63 274 152 319 Deo
173 285 296 330 speret
314 279 351 318 in
371 276 470 317 coelis
487 275 698 317 mercedem
718 290 727 314 :
751 275 897 315 Merces
916 281 1041 315 vestm
1061 288 1202 327 magna
1221 276 1332 315 estin

68 337 186 380 calis.

123 399 227 442 Sicut
244 400 435 450 sterilitas,
458 399 618 448 imbres,
637 407 674 440 et
692 405 824 439 caetera
843 404 981 439 naturae
995 397 1114 446 mala,
1105 415 1114 424 ·
1139 399 1189 438 ita
1203 395 1333 448 luxus,

65 466 239 513 avaritia,
255 470 460 515 caeteraque
476 461 741 502 dominantium
757 462 844 501 vitia
854 466 937 499 sunt
953 430 1152 500 toleranda.

122 522 170 569 Y.
202 527 244 568 5.
268 528 359 567 Ideo
386 526 602 565 necessitate
629 523 772 562 subditi
789 529 945 562 estote...
978 518 1063 575 Syr.
1086 522 1330 598 quamobrem

67 603 221 632 necesse
241 596 296 629 est
310 588 418 629 nobis
440 594 477 628 ut
500 587 743 638 subjiciamur.

124 650 187 694 Ex
211 651 315 692 dictis
339 649 550 699 concludit,
577 648 663 689 ideo
681 647 884 700 parendum
911 653 963 699 est
984 645 1124 686 illorum
1143 645 1272 687 edictis
1289 653 1331 688 et

66 711 238 768 legibus,
273 713 384 767 idque
418 714 651 760 necessario,
689 712 906 752 necessitate
938 717 1015 751 tum
1041 709 1131 762 legis
1158 709 1326 760 divinae3

66 776 203 820 Maith.
231 792 297 820 22.
320 792 384 818 αι.
409 777 563 817 Reddite
581 789 663 828 quoe
681 781 767 814 sunt
780 774 941 814 Coesare's
957 774 1127 820 coesari,·
1140 779 1217 814 tum
1237 773 1331 828 legis

66 839 264 890 humanae,
297 837 396 879 idem
431 838 686 891 praecipientis.
707 836 797 876 Non
821 837 940 875 solum
966 842 1120 892 propter
1139 837 1236 876 imm
1248 851 1268 886 ,·
1287 836 1329 877 id

68 906 323 950 est‚·-metum
354 900 553 953 punitionis
579 901 601 938 a
621 900 831 951 magistratu
864 893 1087 946 subeundae,
1119 897 1187 936 sed
1209 900 1329 937 ettam

65 971 218 1017 propter
236 964 502 1003 conscientiam
513 977 533 1012 ,·
549 962 587 1002 id
605 967 684 1010 est,
709 974 759 1002 ne
772 960 839 1001 fias
859 967 979 1001 coram
997 958 1080 1001 Deo
1096 972 1178 1001 reus
1192 990 1205 1012 ‚
1223 962 1327 1012 cujus

66 1026 233 1066 minister
245 1031 302 1066 est
317 1031 355 1065 et
370 1026 608 1076 magistratus.

121 1081 169 1130 Y.
188 1086 227 1128 6.
253 1087 344 1127 Ideo
372 1088 472 1127 enim
495 1093 531 1126 et
561 1086 698 1125 tributa
722 1087 953 1137 praestatis...
985 1081 1052 1124 Gr.
1086 1090 1237 1138 propter
1252 1082 1328 1125 boc

66 1150 168 1190 enim
194 1155 232 1190 et
254 1150 387 1190 tributa
416 1148 578 1196 solvitis3
602 1147 639 1188 id
668 1153 747 1197 est,
783 1153 932 1201 propter
958 1145 1128 1187 eamdem
1145 1148 1328 1187 rationem

65 1212 197 1253 tributa
211 1210 365 1262 solvitis,
381 1224 457 1252 non
470 1213 610 1251 tantum
625 1223 674 1250 ex
693 1215 794 1250 metu
814 1226 824 1256 ;
846 1208 912 1248 sed
928 1209 1011 1262 quia
1027 1210 1137 1248 etiam
1155 1204 1327 1249 Christus

63 1274 155 1316 illud
176 1276 285 1315 citato
301 1271 437 1315 Matth.
462 1272 543 1313 loco
565 1274 731 1325 praecipit
751 1284 759 1307 ε
779 1272 861 1325 quia
883 1271 956 1310 Dea·
970 1278 1059 1310 sunt
1075 1271 1262 1319 ministri,
1285 1272 1326 1311 in

64 1336 212 1390 hocque
229 1338 299 1377 toti
317 1335 534 1376 incumbunt
554 1341 593 1376 ut
605 1364 617 1386 ,
643 1332 717 1374 Dei
736 1336 833 1385 jure,
857 1332 972 1372 malos
988 1339 1206 1383 coerceant,
1228 1339 1264 1373 et
1284 1338 1329 1372 ut

63 1401 157 1444 boni
174 1401 364 1454 tranquille
383 1403 522 1442 vivant.

119 1465 300 1521 Loquitur
313 1466 375 1506 hic
393 1463 592 1519 Apostolus
614 1464 661 1506 de
675 1465 899 1519 principibus
911 1494 922 1514 ‚
942 1471 981 1505 ut
1006 1465 1190 1517 principes
1209 1469 1292 1504 sunt
1304 1491 1322 1514 ,

65 1543 144 1573 non
163 1529 210 1571 de
226 1531 270 1572 iis
286 1531 347 1583 qui
364 1542 439 1569 suae
457 1530 644 1583 potestatis
660 1542 766 1570 usum
783 1534 1008 1581 pervertunt.

119 1590 174 1644 Υ.
199 1607 236 1642 7.
256 1593 414 1633 Reddite
437 1608 520 1645 ergo
537 1594 710 1634 omnihus
729 1593 897 1634 debita...
917 1590 978 1634 Ex
996 1591 1068 1632 huc
1084 1606 1201 1646 usque
1215 1590 1325 1631 dictis

61 1659 279 1713 generalem>
298 1659 395 1701 elicit
420 1659 706 1700 conclusionem.
738 1659 897 1698 Reddite
916 1673 1001 1709 ergo
1020 1659 1196 1698 omnibus
1216 1671 1228 1693 ··
1254 1669 1323 1697 sen

62 1723 258 1776 unicuique
270 1750 283 1772 ‚
302 1719 402 1774 quod
422 1722 455 1760 ei
481 1719 635 1768 debetur
653 1748 666 1770 ,
697 1720 927 1761 exactoribus
951 1719 1100 1767 tributi,
1120 1718 1321 1765 tributum

61 1787 295 1829 exactoribus
315 1786 521 1838 vectigalis,
545 1785 700 1838 vectigal
718 1800 729 1833 ς
752 1785 1001 1838 principibus,
1019 1785 1263 1827 reverentiam
1283 1789 1326 1824 et

61 1853 315 1894 obedientiam
331 1866 341 1898 ;
363 1852 536 1892 omnibus
549 1881 563 1902 ‚
582 1849 780 1893 honorem.

118 1913 209 1957 Non
224 1914 369 1966 regibus
385 1916 550 1963 tantum,
570 1913 637 1954 sed
656 1920 693 1954 et
710 1926 836 1965 regum
865 1913 1039 1953 ministris
1058 1925 1144 1951 suus
1161 1910 1320 1952 debetur

65 1976 188 2018 honor
205 1978 244 2018 in
259 1974 389 2016 ordine
398 1988 478 2016 suo.

126 2040 322 2081 Tributum
342 2045 397 2080 est
421 2037 519 2093 quod
539 2037 690 2079 solvitur
710 2051 777 2091 pro
793 2036 937 2090 praediis
954 2043 990 2077 et
1011 2038 1192 2090 personis.
1218 2035 1325 2077 Vec-

66 2103 185 2153 tigal,
208 2101 306 2154 quod
326 2115 391 2155 pro
411 2101 606 2141 mercibus.

122 2160 287 2204 Nomine
299 2164 442 2204 timoris
463 2161 624 2214 intellige
644 2159 833 2203 sollicitam
850 2162 1059 2202 cautionem
1075 2188 1088 2210 ‚
1104 2172 1152 2201 ne
1171 2161 1195 2201 a
1210 2131 1322 2201 nobis

66 2229 106 2268 in
117 2227 289 2280 quopiam
301 2225 519 2267 offendatur.

122 2287 288 2332 Nomine
303 2287 455 2330 honoris
465 2318 478 2342 ,
495 2290 619 2330 omnia
635 2289 854 2330 reverentiae
871 2288 988 2351 signa.
