1410 2554
147 59 233 113 ἰω
458 96 461 98 ,
536 51 749 97 Enisa-om
777 63 834 94 ao
859 63 1058 96 nonaxon

146 128 335 187 gata'est.
356 120 533 167 Gaudeo
552 119 680 179 igitur
695 118 742 163 in
762 117 880 164 vobis
893 138 906 163 ε
925 118 1000 166 sed
1014 118 1114 166 volo
1143 131 1217 166 vos
1235 119 1410 178 sapim-

147 207 213 243 tes
233 210 324 241 esse
340 191 387 238 in
404 191 520 236 bono
532 224 543 246 ‚
568 200 610 236 et
628 187 844 246 simplices
863 187 910 234 in
929 188 1058 235 malo.

204 454 273 483 ao.
292 438 408 483 Deus
423 444 568 480 autem
580 434 698 491 pacis
714 444 907 480 conterat
921 437 1120 481 Satanam
1140 435 1218 482 suh
1233 434 1410 493 pedibus

146 505 304 552 vestris
326 505 540 564 velociter.
564 504 718 551 Gratia
747 505 920 551 Domini
949 505 1085 552 nostri
1117 507 1220 552 Jesu
1251 505 1409 553 Christi

147 577 388 625 vobiscum.

203 718 271 746 αι.
293 698 460 745 Salutat
478 713 553 743 vos
572 697 850 755 Timotheus,
874 698 1045 755 adjutor
1064 715 1185 746 meus
1199 733 1213 756 ‚
1245 709 1287 745 et
1314 701 1410 752 Lu-⁴

147 771 239 817 cius
252 805 267 826 ,
290 781 332 817 et
349 770 485 816 Jason
501 804 514 825 ‚
532 778 573 815 et
592 768 807 827 Sosipater
820 805 832 826 ,
853 770 1023 829 cognati
1042 771 1142 816 mei.

203 864 270 891 22.
291 844 436 890 Saluto
465 859 541 888 vos
561 859 661 901 ergo
685 841 881 896 Tertius,
905 842 978 899 qui
1010 843 1163 899 scripsi
1183 843 1410 900 epistolam

143 917 191 964 in
210 914 412 963 Domino.

205 992 273 1034 23.
309 986 476 1033 Salutat
494 1002 570 1032 vos
601 985 750 1038 Caius,
778 984 934 1042 hospes
967 1001 1115 1039 meus,
1148 996 1190 1032 et
1212 987 1410 1035 universa

145 1056 351 1107 Ecclesia.
382 1056 545 1102 Salutat
572 1073 649 1102 vos
680 1055 879 1108 Erastus,
909 1054 1098 1101 arcarius
1128 1056 1332 1114 civitatis,
1369 1067 1410 1103 et

143 1133 345 1194 Quartus
366 1128 508 1174 frater.

203 1248 270 1298 24.
292 1238 439 1286 Gratia
456 1235 631 1283 Domini
650 1235 782 1282 nostri
799 1235 824 1280 J
831 1252 905 1282 esu
920 1234 1080 1282 Christi
1095 1254 1194 1282 cum
1210 1234 1410 1283 omnibus

144 1314 279 1362 vobis.
294 1313 453 1357 Amen.

205 1385 273 1429 25.
293 1381 346 1427 Ei
361 1389 503 1426 autem
518 1415 530 1437 ‚
552 1379 625 1436 qui
645 1389 796 1435 potens
815 1389 878 1425 est
899 1396 974 1426 vos
1006 1379 1262 1424 confirmare
1291 1379 1410 1434 juxta

144 1454 428 1515 Evangelium
458 1469 627 1508 meum,
661 1460 704 1496 et
731 1450 1072 1508 praedicationem
1101 1453 1203 1496 Jesu
1225 1449 1408 1507 Christi,

146 1527 385 1576 secundnm
403 1522 707 1571 revelationem
733 1521 919 1580 mysterii
949 1522 1215 1580 temporibus
1243 1521 1410 1569 aeternis

144 1601 263 1649 taciti
280 1621 290 1654 ;

204 1846 270 1890 26,
292 1836 443 1901 (Quod
453 1852 568 1880 nunc
589 1831 847 1891 patefactum
864 1842 926 1878 est
938 1849 1014 1889 per
1031 1832 1268 1889 Scripturas
1285 1831 1408 1876 Pro-

143 1913 375 1972 phetarum
388 1943 400 1965 ‚
421 1906 657 1954 secundnm
675 1914 934 1962 praeceptum
950 1904 1092 1949 aeterni
1108 1903 1210 1961 Dei,
1231 1903 1286 1949 ad
1302 1903 1409 1948 obe-

146 1983 356 2031 ditionem
370 1978 472 2026 fidei
485 1985 527 2025 in
547 1977 711 2024 cunctis
735 1976 929 2037 gentibus
946 1975 1131 2036 cogniti.)

202 2239 269 2280 ²7·
303 2217 396 2265 Soli
427 2215 610 2274 sapienti
639 2217 758 2270 Deo,
782 2230 858 2271 per
893 2214 1044 2261 Jcsum
1078 2212 1316 2270 Christum,
1336 2213 1409 2260 cui

140 2292 287 2339 -honor
308 2299 349 2336 et
365 2289 501 2348 gloria
518 2288 564 2334 in
583 2285 739 2335 saecula
758 2285 1024 2333 saeculorum.
1036 2287 1187 2334 Amen.
