1410 2554
367 59 552 90 'rnrpnax
579 56 805 89 axeosmo·
834 42 930 96 Cap.
956 43 1048 85 XV.
1243 41 1327 102 389

113 114 161 163 ἵ.
184 135 248 174 ¹⁷·
273 121 409 161 Habeo
439 121 552 172 igitur
573 120 776 172 gloriam...
791 115 860 159 Gr.
883 117 1165 171 gloriationem,
1189 116 1230 159 id
1245 124 1325 171 est,

57 181 159 222 unde
178 182 330 234 glorier,
356 185 395 222 in
429 182 577 222 Chr-1:³10
604 179 696 222 Jesu
723 180 828 233 opud
845 181 993 228 Deum‚·
1011 181 1071 221 vel
1101 183 1140 221 in
1168 181 1212 221 iis
1241 193 1325 234 quae

61 247 208 287 suntad
226 245 364 288 Deum.
394 243 463 287 Gr.
478 245 533 284 τὰ
548 257 652 298 προς
670 241 734 283 τδν
753 242 862 285 Θεὶν.
880 242 1028 285 Scilicet
1044 245 1094 285 ob
1113 257 1327 300 successum

57 307 252 364 Evangelii
270 326 337 366 per
356 325 418 352 me
435 309 571 352 Christi
590 311 795 350 ministrum
812 311 907 350 inter
923 306 1066 350 Gentes
1078 311 1299 351 annuntiati.

114 373 170 426 Υ.
191 374 254 416 18.
272 375 362 415 Non
382 377 482 415 em’m
495 375 613 414 audeo
629 374 814 427 aliquid...
826 373 863 414 id
879 380 951 424 est,
967 375 1033 413 vix
1054 374 1153 413 enim
1168 372 1326 414 audeam

58 433 181 477 dicere
205 438 292 492 quid
318 452 383 492 per
402 452 463 478 me
482 451 558 478 non
577 436 744 478 effecerit
770 434 938 476 Christus
964 436 1013 476 ad
1029 433 1208 476 Gentium
1224 436 1327 477 obe-

57 496 257 549 dientiam,
281 515 345 541 seu
369 502 650 542 conversionem
679 498 914 540 efficiendam
937 501 1061 540 verbo
1088 499 1325 554 praedicatio-

57 559 117 599 nis
133 567 169 600 et
187 561 441 602 miraculorum
460 563 745 615 perpetratione·

113 618 189 661 Alii
210 624 453 662 communiter
469 637 478 661 ε
494 628 533 662 ut
552 621 703 673 glorier,
725 634 800 661 non
820 627 875 661 est
895 633 1053 662 necesse
1074 622 1174 676 quod
1197 622 1324 676 loquar

57 681 147 735 quid
166 696 230 735 per
242 697 302 722 me
317 697 392 723 non
411 683 533 724 effecit
549 681 715 724 Christus
730 699 739 723 z
756 698 820 724 seu
831 698 907 724 non
922 683 1040 724 audeo
1059 684 1213 726 aliorum
1228 683 1324 726 sacta

55 742 149 784 mihi
178 758 367 797 arrogare,
404 746 622 800 laudemque
642 761 772 800 capere
790 762 838 788 ex
871 749 948 796 eis,
970 761 1051 801 quae
1072 745 1241 789 Christus
1256 762 1325 801 per

53 818 118 846 me
135 819 213 847 non
243 806 390 860 effecit,
409 815 449 850 ut
468 807 612 850 Gentes
634 809 827 851 reduceret
849 812 886 850 in
915 810 1164 852 obedientiam
1182 807 1323 852 Evan-

54 866 152 920 gelii.

112 926 158 974 Ῠ.
183 945 246 986 ¹9·
267 932 316 971 In
334 935 472 973 virtute
498 935 730 984 signorum...
747 933 786 973 id
804 940 878 982 est,
897 947 963 986 per
992 937 1198 988 potentiam
1223 947 1323 988 ope·

52 992 158 1033 randi
178 993 343 1047 prodigia
357 1022 370 1043 ‚
388 1007 426 1034 v.
449 1007 508 1046 g.,
535 993 726 1035 daemones
759 994 949 1046 ejiciendi,
973 996 1124 1036 morbos
1145 995 1322 1049 curandi,

51 1061 219 1096 mortuos
238 1057 488 1096 resuscitandi.
1146 1091 1153 1099 .

108 1120 158 1159 In
176 1121 312 1161 virtute
340 1118 500 1172 Spiritds
531 1123 697 1162 sancti...
716 1120 755 1162 id
774 1127 850 1171 est,
873 1134 939 1174 per
958 1119 1176 1160 charismata
1196 1118 1323 1174 Spiri-

52 1184 104 1224 tui
126 1190 254 1224 sancto
273 1182 499 1238 peculiariter
515 1186 708 1236 attributa,
726 1199 766 1226 v.
785 1198 838 1237 g.,
859 1184 956 1226 dona
976 1185 1178 1237 linguarum
1190 1214 1202 1237 ,
1222 1182 1323 1226 Pro-

50 1244 212 1302 phetiae,
235 1247 282 1287 de
301 1248 433 1300 quibus
450 1247 496 1287 ad
513 1244 599 1288 Cor.
618 1263 653 1290 ι.
666 1262 744 1301 cap.
768 1263 830 1291 12.

106 1309 169 1350 Ita
187 1317 229 1350 ut
244 1311 294 1350 ab
307 1312 559 1353 Jerusalem...
575 1327 689 1366 usque
713 1314 768 1352 ad
781 1314 981 1365 Illyricum
993 1344 1005 1365 ‚
1026 1327 1104 1354 non
1120 1310 1218 1355 recld
1235 1310 1319 1364 vidg

50 1369 122 1421 sed
142 1375 179 1413 in
203 1374 333 1415 orbem
367 1376 606 1425 circumiens,
627 1373 837 1418 Orientales
855 1383 892 1417 et
919 1374 1097 1419 Ponticas
1123 1379 1319 1431 regiones,

50 1435 180 1480 Asiam
196 1445 233 1478 et
248 1436 444 1478 Thraciam
462 1438 626 1479 doctrina
647 1437 870 1493 Evangeliczi
888 1440 1121 1493 repleverim.

106 1497 273 1554 Illyricus
288 1531 300 1552 ‚
318 1514 417 1541 nunc
433 1499 643 1551 sclavonia,
663 1516 727 1543 seu
747 1500 900 1544 Bosnia.

108 1562 166 1616 Y.
189 1581 254 1605 20.
276 1566 339 1604 Sic
364 1572 490 1605 autem
519 1567 730 1618 proedr'caor'.
753 1565 820 1608 Gr.
834 1567 1131 1620 φίλοςτιμούμενο
1149 1597 1162 1619 ‚
1183 1566 1221 1609 id
1241 1571 1313 1618 esi,

49 1635 215 1670 amanter
231 1628 485 1678 contendens,
512 1629 664 1670 sollicite
687 1644 816 1671 curans
843 1637 879 1671 et
902 1633 1070 1672 ambiens
1095 1631 1316 1686 praedicare,

47 1691 112 1734 ubi
131 1687 297 1732 Christus
319 1705 395 1732 non
417 1699 492 1733 erat
509 1695 695 1746 cognitus,
718 1708 766 1734 ne
780 1723 791 1743 ‚
813 1701 887 1736 etc.

103 1751 157 1805 y.
177 1767 242 1793 21.
261 1750 340 1792 Sed
356 1754 453 1793 sicut
467 1757 647 1807 scriplum
665 1763 731 1796 est.
747 1754 818 1797 lsai
837 1757 906 1798 52.
929 1757 992 1798 15.
1007 1756 1046 1797 id
1068 1763 1144 1806 est,
1161 1756 1228 1797 sed
1243 1754 1317 1798 feei

47 1814 148 1868 quod
162 1816 208 1855 ab
228 1814 321 1856 Isaia
339 1818 513 1870 scripturn
527 1825 582 1858 est
599 1834 609 1858 ι
626 1816 770 1860 Gentes
783 1815 915 1860 Deum
939 1825 979 1861 et
994 1817 1182 1861 Christum
1200 1822 1318 1874 igno-

46 1886 169 1920 rantes
186 1878 333 1920 audient
347 1880 395 1920 de
413 1894 476 1932 e0,
493 1887 530 1922 et
550 1880 647 1922 illurn
665 1888 903 1934 cognoscent.

434 2012 695 2043 onsutvxrto
725 2013 786 2043 ΜΟ
793 2014 928 2045 mus.

103 2117 206 2171 Quid
220 2136 295 2163 non
314 2129 435 2177 potest
455 2126 584 2166 unicus
602 2124 718 2167 homo
738 2123 895 2180 Spiritus
924 2130 1040 2169 sancti
1070 2129 1205 2170 virtute
1223 2126 1314 2183 ple·-

45 2182 141 2223 nus?
170 2179 230 2226 D.
254 2181 388 2226 Paulus
422 2187 469 2226 ab
501 2185 708 2229 Jerusalem
730 2204 846 2243 usque
880 2191 931 2231 ad
958 2190 1146 2247 illyricum
1179 2204 1313 2232 omnes

44 2246 186 2287 medias
212 2256 249 2289 et
280 2250 578 2301 circumjacentes
603 2254 774 2304 regiones
801 2254 874 2295 fide
899 2251 1043 2295 Christi
1071 2255 1315 2296 illustraverat

43 2321 142 2350 anno
162 2307 298 2352 Christi
330 2311 397 2354 58.
415 2327 490 2367 quo
518 2314 678 2355 creditur
710 2313 791 2357 haec
812 2314 978 2370 Epistola
1007 2316 1118 2359 fuisse
1149 2320 1310 2373 scripta:
