1410 2554
71 40 130 84 80
434 58 645 91 nisa-om
673 62 732 92 An
762 63 967 99 nominos

125 129 164 168 7.
182 108 322 164 Beati,
355 128 540 167 quorum
555 115 742 162 remissae
765 126 864 162 sunt
881 115 1143 178 iniquitates,
1162 131 1204 167 et
1226 140 1340 181 quo-

74 196 173 224 rum
187 187 302 225 tecta
320 191 421 226 sunt
439 195 624 240 peccata.

124 253 166 296 8.
183 252 339 298 Beatus
356 252 439 310 vir,
472 256 542 301 cui
576 275 664 304 non
688 258 918 316 imputavit
940 258 1150 306 Dominus
1185 280 1339 319 pecca-

69 331 175 367 tum.

125 414 165 452 9.
181 393 416 443 Beatitudo
434 415 533 458 ergo
551 400 666 448 haec
654 418 699 445 ιιι
715 400 1042 447 circumcisione
1059 407 1224 450 lantum
1241 422 1338 452 ma-

67 473 162 520 net,
180 481 234 510 an
255 466 381 511 etiam
402 468 447 513 in
467 470 701 527 praeputio.
693 476 709 503 Ρ
731 471 924 518 Dicimus
949 473 1064 520 enim
1081 475 1181 532 quia
1198 495 1337 535 repu-

68 542 157 580 tata
177 547 240 582 est
259 539 446 585 Abrahae
473 540 578 586 fides
601 541 655 586 ad
676 541 898 598 justitiam.

124 796 190 823 10.
214 778 451 838 Quomodo
467 795 567 837 ergo
590 789 781 834 reputata
798 786 890 827 est?
914 781 959 827 in
974 783 1326 841 circumcisione,

65 862 122 892 aa
141 847 185 892 in
205 848 444 907 praeputio?
474 850 578 898 Non
599 850 645 896 in
667 852 1010 909 circumcisione,
1034 854 1109 900 scd
1143 861 1186 900 in
1222 873 1338 913 prae-

66 928 202 977 pauo.

127 1297 193 1327 n.
226 1277 283 1325 Et
303 1278 470 1339 signum
499 1279 1037 1339 accepitcircumcisionis‚
1068 1284 1337 1342 signaculum

65 1351 237 1410 justitiae
255 1351 384 1408 fidei,
417 1370 511 1409 quae
532 1362 594 1398 est
627 1352 669 1397 in
705 1354 908 1408 praeputio
930 1372 939 1397 :
957 1362 1002 1397 ut
1023 1354 1075 1398 sit
1098 1363 1217 1410 pater
1233 1370 1338 1399 om-

68 1423 193 1469 nium
211 1422 475 1470 credentium
498 1441 575 1481 per
594 1422 848 1482 praeputium
863 1458 876 1481 ,
901 1433 948 1469 ut
965 1433 1183 1480 reputetur
1196 1434 1238 1470 et
1250 1423 1336 1471 illis

69 1496 126 1542 ad
138 1495 346 1554 justitiam
361 1517 372 1543 ε

130 1770 272 1821 ιι.Ὲῐ
299 1774 351 1820 sit
369 1770 867 1831 paler-circumcisionis,
893 1787 981 1816 non
1009 1769 1060 1816 iis
1082 1773 1246 1817 tantum
1267 1769 1340 1827 qui

69 1857 170 1894 sunt
187 1863 237 1892 ex
253 1845 574 1892 circumcisione
590 1878 602 1899 ‚
622 1843 696 1889 sed
712 1853 750 1887 et
772 1841 821 1888 iis
839 1841 910 1899 qui
927 1851 1140 1887 sectantur
1164 1840 1340 1900 vestigia

71 1918 196 1974 fidei,
215 1936 304 1975 quae
322 1927 385 1963 est
402 1917 447 1961 in
465 1913 672 1974 praepulio
690 1914 818 1972 patris
837 1913 970 1960 nostri
987 1912 1184 1960 Abrabae.

134 2225 197 2269 13.
219 2220 321 2269 Non
337 2219 450 2267 enim
468 2236 544 2278 per
560 2221 695 2279 legem
716 2217 941 2276 promissio
958 2217 1166 2275 Abrahae,
1187 2226 1260 2263 aut
1276 2233 1344 2264 se·
