1410 2554
315 75 494 118 ‘rnrpuu
516 39 752 116 tineosi-rto.
779 65 875 120 Cap.
899 63 1026 108 V111.
1230 66 1307 112 205

51 139 173 190 cami,
197 141 237 178 ut
266 134 336 176 illis
363 138 542 190 passionis
563 149 605 177 ac
626 136 730 178 tuetae
748 138 982 190 occasionem
1013 138 1308 183 subministrent.

109 200 214 254 Quos
235 207 361 240 autem
378 203 433 243 stc
447 191 626 251 vocavtae‚'
639 198 710 240 hos
731 207 768 240 et
779 213 844 253 per
865 199 1014 241 easdem
1035 200 1146 241 luctas
1162 207 1306 255 etpas-

49 266 174 304 siones
186 261 439 314 justificavit,
473 260 511 301 id
537 269 616 310 est,
636 263 810 315 justiores
838 269 876 303 et
903 265 1102 312 sanctiores
1131 262 1307 305 reddidit.

49 322 157 375 (Ex.
171 319 217 367 3⁵.
242 323 307 366 28.
327 326 400 375 jam
422 325 541 364 vocati
561 326 774 374 suntwsancti
787 354 798 373 ‚
822 330 858 364 et
872 337 938 365 eos
957 330 997 364 ut
1014 323 1103 365 tales
1125 326 1306 376 praescivit

51 385 178 429 Deus:
198 388 337 440 itaque,
354 388 547 438 inquiunt,
566 399 641 425 non
660 385 706 426 de
720 388 856 439 prima,
878 386 944 428 sed
961 386 1010 428 de
1025 386 1187 427 secunda
1202 388 1312 444 justi-⁸

51 451 100 490 tia
119 448 181 488 hic
194 450 324 501 agitur,
339 461 403 488 seu
418 447 464 488 de
482 460 673 502 progressu
692 447 884 498 justitiae).
902 445 1084 490 Justiores
1099 462 1186 502 ergo
1202 447 1306 502 fecit,

50 516 88 551 et
107 512 204 550 vires
224 508 270 549 ad
290 509 599 562 perseverandum
618 511 655 549 in
673 508 806 559 justitia
822 523 886 550 sua
907 511 960 550 eis
979 512 1156 564 praestitit.

109 572 214 626 Quos
229 579 354 612 autem
369 571 612 625 justificavit,
629 578 700 612 etc.
717 571 866 613 tandem
881 579 934 613 tot
953 579 992 614 et
1013 576 1119 615 tantis
1134 574 1307 629 perfunc-

51 642 109 677 tos
127 635 330 685 laboribus,
349 635 431 674 illos
445 632 690 686 glorificavit,
713 647 888 686 magum,
914 634 1078 676 celebres
1101 642 1138 676 et
1165 636 1306 688 glorio-

50 711 135 748 sos,
166 704 244 739 turn
270 691 308 737 in
329 696 422 748 hac,
452 703 529 737 tum
552 697 711 736 maxime
737 697 776 736 in
798 695 915 737 sutura
935 698 1011 738 vita
1035 695 1219 749 reddidit,
1239 711 1306 739 seu

50 762 214 803 decrevit
232 758 346 814 gloria
366 759 554 800 decorare.

102 822 280 866 Nituntur
293 823 400 873 hujus
416 822 668 876 explicationis
683 826 847 863 auctores
868 823 906 861 iu
928 834 974 862 eo
987 850 998 871 ‚
1019 819 1118 875 quod
1132 820 1307 876 Apostoli

49 904 180 943 scopus
194 890 260 938 sit,
273 888 399 930 fideles
421 886 604 928 exhortari
621 886 667 926 ad
687 888 894 939 passionum
912 886 1158 937 tolerantiam,
1174 902 1224 928 ex
1238 903 1306 942 spe

48 947 184 990 fructus
199 950 354 989 secuturi
371 954 408 987 et
425 947 564 999 gloriae.
580 944 675 989 Vide
690 944 824 999 Tyrin.
842 948 904 998 qui
924 947 1055 989 multos
1070 955 1108 989 et
1122 951 1305 1002 antiquio·

51 1023 111 1051 res
131 1016 170 1050 et
190 1010 413 1050 recentiores
431 1010 528 1048 citat.

369 1138 708 1168 OBSERVATIO
749 1140 780 1167 Μ
797 1139 982 1169 ORALIS

486 1248 526 1288 in
551 1245 607 1300 Υ.
626 1245 689 1288 28.
707 1261 773 1304 29.
792 1245 860 1288 30.

102 1366 147 1409 In
175 1367 244 1409 hac
264 1367 547 1423 explicationum
571 1369 743 1408 varietate
759 1398 770 1419 ‚
790 1369 865 1407 imo
884 1374 919 1408 et
940 1368 976 1407 in
1004 1366 1074 1408 hac
1091 1370 1303 1411 versionum

49 1431 278 1479 diversitate3
299 1431 455 1471 diversae
474 1437 556 1471 sunt
579 1433 691 1480 euim,
706 1437 744 1471 ut
763 1432 799 1470 in
818 1430 1018 1484 polyglotta
1031 1431 1147 1473 videri
1161 1440 1300 1487 potest:

53 1496 92 1534 in
110 1492 178 1533 hac
197 1507 284 1545 ergo
295 1495 456 1534 veritatis
473 1494 739 1544 absconsione,
760 1493 847 1548 quid
867 1493 1108 1538 faciendum?

108 1563 161 1598 1.⁰
179 1555 300 1597 Deum
319 1559 479 1598 veritatis
490 1557 629 1597 sontem
649 1557 832 1598 humiliter
845 1559 972 1601 adoro.

106 1620 304 1675 spineam
320 1623 358 1661 in
377 1621 510 1661 divinis
533 1623 771 1673 ignorantiam
787 1623 948 1661 sincerus
965 1635 1138 1674 agnosco.

104 1683 162 1724 3.⁰
177 1680 440 1734 scripturarum
457 1682 662 1722 divinarum
675 1681 975 1736 profunditatem,
990 1697 1073 1724 cum
1086 1692 1214 1726 sancto
1230 1693 1300 1728 tre·

46 1757 150 1784 more
169 1750 204 1784 et
224 1743 367 1783 fremitu
383 1744 533 1796 aspicio.

102 1806 275 1860 Denique
304 1806 482 1846 infinitam
503 1804 574 1846 Dei
591 1807 824 1858 sapientiam,
844 1808 881 1846 in
900 1809 952 1848 eis
970 1808 1298 1861 praedestinationis

47 1868 260 1923 mysterium
274 1899 285 1920 ‚
299 1870 407 1908 nobis
424 1870 473 1908 ita
494 1868 781 1909 manifestantem
793 1900 803 1918 ‚
823 1877 862 1910 ut
879 1877 915 1911 et
933 1870 1017 1910 illud
1035 1872 1212 1924 occultet,
1231 1874 1299 1914 ad·

48 1934 183 1972 mirans
206 1946 399 1979 revereor;
429 1931 587 1985 huicque
614 1930 686 1972 Dei
716 1934 866 1973 consilio
895 1934 1037 1975 infinite
1064 1938 1217 1990 sapienti
1236 1950 1298 1979 me

47 1999 268 2050 subjiciens,
301 2012 439 2039 sacram
471 2005 507 2038 et
539 1998 702 2038 divinam
742 1999 1073 2052 praedestinationis
1103 2003 1299 2056 caliginem

48 2063 209 2119 trepidus
226 2064 338 2104 adoro
351 2094 362 2112 ,
387 2066 598 2104 temerarius
616 2067 830 2118 perscrutari
847 2079 923 2106 non
946 2081 1138 2120 praesumo.

106 2119 257 2168 Cavebo
273 2130 378 2181 igitur
400 2129 560 2171 maxime
580 2142 628 2168 ne
644 2158 657 2179 ‚
692 2128 789 2180 quod
809 2123 922 2169 Deus
939 2129 1054 2170 votuit
1073 2132 1182 2172 nobIs
1204 2132 1298 2172 abs-

50 2187 256 2237 conditum,
273 2191 444 2229 curiosior
463 2196 652 2242 penetrare
666 2188 777 2231 velim
789 2219 801 2239 ,
821 2195 858 2230 et
875 2189 974 2243 quod
989 2189 1098 2231 nobis
1115 2190 1299 2232 manifes-

50 2256 128 2291 tum
146 2265 228 2292 esse
245 2251 356 2293 voluit
372 2282 383 2303 ‚
407 2254 508 2307 piger
521 2260 557 2293 et
578 2254 715 2294 otiosus
736 2253 931 2305 negligam.

105 2309 235 2354 Hodie
259 2314 510 2368 quamplurimi
532 2315 579 2356 de
606 2329 738 2357 arcano
761 2315 1088 2369 praedestinationts
1121 2318 1299 2371 mysterio
1326 2336 1328 2340 ⁴
