1410 2554
391 44 572 76 ’rml‘mx
583 42 826 74 uxrem-rto.
843 29 938 83 Cap.
953 30 975 70 1
981 29 1029 70 V.
1271 46 1288 72 1
1297 46 1323 72 ο
1334 29 1360 73 3

89 108 138 148 de
154 104 230 148 Dei
244 106 431 156 majestate
449 111 485 144 et
505 101 774 157 omnipotentie
799 103 982 148 sentiens‘3
1007 102 1076 153 ipsi
1097 102 1243 154 penitus
1260 101 1358 140 sub-

87 173 224 219 missa,
246 169 294 210 ad
323 183 454 209 omnes
481 170 559 219 ejus
576 168 779 208 voluntates
799 174 939 221 paratu
969 168 1080 206 etiarn
1107 166 1154 205 ad
1173 157 1358 217 unigeniti

86 235 149 275 fitii
166 237 220 275 sui
236 234 541 275 immoiationern.
560 232 656 274 Haec
671 233 736 273 fuit
754 232 846 273 fides
866 230 1088 272 l'atriarchae
1107 230 1292 275 fidetium
1317 235 1355 270 et.
1406 252 1410 258 ·

86 294 158 336 hac
178 292 256 337 side
273 294 357 336 Deo
375 309 611 348 summopere
630 294 775 347 placuit.
794 292 889 334 Vide
907 291 963 344 ss.
988 306 1051 344 17.
1077 289 1141 332 18.
1160 297 1231 331 etc.
1258 288 1357 332 Vide

97 366 135 400 et
150 373 188 399 V.
210 358 248 400 3:

142 418 244 461 Talis
257 419 303 458 sit
323 424 359 457 et
374 423 433 456 tua
449 446 460 466 ‚
479 409 510 454 si
530 413 611 456 Deo
628 416 774 469 plaeere
792 410 902 456 velis.
922 413 978 456 Sit
994 416 1081 454 viva
1097 443 1108 463 ‚
1129 413 1234 453 firma
1249 442 1260 463 ‚
1276 420 1357 453 sta-

85 483 190 530 bilis,
225 482 329 533 spei,
358 480 607 531 obedientiae,
641 482 859 521 reverentiae
897 480 1091 519 virtutibus
1121 480 1253 519 vestita
1268 495 1277 524 3
1307 477 1356 518 de

91 544 179 587 Deo
196 543 390 597 magnifice
405 545 569 583 sentiens
584 573 595 593 ‚
615 543 723 596 plene
741 556 908 596 persuasa
924 542 969 581 de
990 539 1133 580 surnrnzi
1150 542 1228 591 ejus
1247 554 1356 580 vera-

88 608 197 647 citate
209 635 219 655 ,
239 603 527 658 omnipotentie,
546 610 619 645 etc.
635 612 799 646 mortuos
811 605 1022 645 vivificante
1035 634 1046 653 ‚
1063 615 1145 655 quae
1164 615 1240 641 non
1270 609 1356 642 sunt

89 678 248 710 vocante
265 676 302 709 et
324 675 468 708 creante
484 698 494 718 ,
513 675 586 709 etc.

142 730 226 772 Hssc
241 731 316 771 side
338 731 491 784 plenus,
516 731 625 772 crede
655 731 808 772 firmiter
825 729 995 770 articulos
1025 727 1132 776 fidei,
1153 728 1356 767 etiamna-

83 801 186 839 turae
207 801 351 847 captum
370 803 598 848 superantes.

141 857 226 899 Hzic
238 858 313 898 fide
325 858 468 906 firmus,
485 859 522 898 in
533 860 641 898 rebus
654 856 774 897 arduis
787 885 797 905 ‚
820 858 857 895 in
872 854 1038 908 perieulis
1053 883 1063 903 ‚
1085 860 1156 894 etc.
1172 855 1211 892 in
1229 865 1355 904 spem,

85 929 220 962 contra
237 936 362 973 spem,
384 921 506 960 crede.

139 983 224 1025 Hac
235 983 308 1024 fide
318 985 522 1031 roboratus,
541 982 697 1022 visibilia
714 988 749 1022 et
763 980 950 1022 sensibilia
965 993 1121 1032 sperne;
1139 977 1186 1018 ad
1204 983 1354 1022 aeterna,

82 1048 276 1089 invisibilia
292 1048 402 1088 tende
415 1078 425 1095 ,
441 1049 556 1101 aspira
567 1077 578 1097 ,
595 1047 726 1088 anhela
741 1053 808 1095 ;·et
823 1048 860 1086 in
877 1044 951 1086 Dei
965 1045 1060 1086 cultu
1075 1051 1129 1084 sta
1140 1075 1150 1094 ,
1167 1049 1203 1084 et
1219 1073 1230 1094 ,
1247 1040 1358 1096 quid·-

82 1110 171 1163 quid
189 1110 344 1162 accidat,
363 1125 571 1164 persevera.

600 1236 826 1281 Τειιτιὸ.

1107 1294 1126 1307 l

136 1379 198 1424 Ex
223 1384 356 1425 eodem
379 1386 498 1436 capite
516 1383 616 1424 disce
640 1384 829 1436 quodnam
850 1385 897 1423 sit
921 1383 1152 1435 praecipuum
1169 1377 1255 1419 fidei
1270 1390 1356 1419 nos-

80 1449 146 1484 trae
158 1445 356 1495 obiectum.

137 1503 328 1547 Abraham
344 1506 500 1544 credidit
512 1507 550 1544 r’n
576 1507 694 1545 Deum
713 1508 779 1558 qui
794 1504 966 1547 vivificat
981 1510 1146 1543 mortuos
1158 1530 1174 1549 ‚
1194 1508 1265 1542 etc.
1280 1514 1351 1541 nos

78 1568 264 1608 credimus
287 1570 325 1607 ὶη
345 1569 464 1608 Deum
478 1596 493 1615 ,
512 1569 578 1620 qm·
591 1570 785 1607 suscitavit
803 1570 828 1606 ὰ
846 1568 1007 1605 mortuis
1028 1565 1236 1605 Dominum
1262 1577 1350 1602 nos·

78 1635 184 1669 trum
198 1630 333 1670 ,Iesum
353 1629 559 1668 Christum.
580 1624 627 1670 Ῠ.
646 1630 711 1679 24.
732 1629 798 1669 25.

133 1691 236 1734 Mors
251 1696 371 1747 itaque
386 1701 421 1734 et
437 1692 673 1734 Resurrectio
693 1692 848 1742 Christi,
868 1694 942 1733 duo
957 1694 1138 1746 proecipua
1155 1684 1238 1732 sunt.
1254 1691 1345 1734 fidei

78 1763 218 1798 nostrae
245 1759 416 1811 mysteria
431 1787 442 1808 ,
461 1759 554 1797 cirea
573 1771 654 1809 quae
684 1757 952 1810 frequentiores
969 1759 989 1796 ὲ
1012 1757 1120 1796 nobis
1147 1754 1349 1799 exercendi

80 1825 169 1858 sunt
192 1825 290 1858 actus
310 1819 411 1859 fidei.

133 1877 299 1920 Moriens
316 1875 489 1921 Christus
508 1882 656 1922 victima
669 1879 734 1921 fuit
756 1884 989 1936 expiationis.

133 1938 348 1994 Resurgens
370 1940 535 1983 Christus
562 1946 710 1984 victima
736 1944 802 1984 suit
833 1945 1140 1985 sanctificationis.
1167 1942 1213 1984 In
1240 1959 1348 1986 cruce

77 2003 262 2052 moriens,
286 2010 405 2045 morte
424 2004 510 2055 sua,
531 2013 692 2047 nostram
713 2006 892 2047 destruxit
908 2015 1063 2048 mortem
1079 2024 1088 2048 ς
1107 2010 1144 2047 in
1159 2021 1347 2049 resurrec-

78 2065 179 2105 tione
216 2064 280 2106 suss
306 2069 419 2107 vitam
460 2069 568 2109 nobis
593 2072 899 2118 communicavit;
928 2077 1055 2125 typum
1088 2079 1126 2111 et
1155 2073 1346 2126 exemplar

79 2138 190 2166 novae
207 2130 293 2169 vitae
309 2130 422 2170 dedit.

136 2186 300 2232 Christus
311 2206 397 2246 ergo
414 2193 623 2245 {requenter
632 2195 851 2243 adorandus,
863 2203 898 2237 et
908 2198 1071 2237 moriens
1082 2203 1117 2237 et
1131 2211 1338 2250 resurgens;

81 2248 157 2290 fide
176 2250 282 2302 viva,
303 2257 428 2294 mortis
451 2255 542 2296 iltius
570 2255 746 2307 effectus,
776 2264 1008 2310 peccatorum
1040 2265 1248 2299 nostrorum
1275 2273 1342 2299 re-

78 2315 205 2355 missio
221 2316 401 2368 petenda3
421 2325 460 2359 et
477 2322 752 2362 resurrectionis
770 2324 881 2374 gratia
900 2329 938 2363 et
960 2324 1080 2364 virtus
1100 2322 1320 2366 invocanda.
