1410 2554
381 46 563 91 Tmtzsx
590 43 837 77 expostum,
855 29 953 82 Cap.
980 28 1017 68 Ι.
1287 31 1343 81 29

78 112 188 160 vetat,
212 108 313 164 quod
334 120 422 159 vera
443 107 600 157 justitia,
621 107 755 145 anima
779 103 875 150 vita,
898 114 947 141 ex
962 99 1037 140 fide
1057 97 1250 145 nascitur*
1259 93 1336 135 fide

78 174 235 215 nutritur
249 200 260 221 ‚
282 170 358 210 fide
377 171 530 217 crescit,
549 166 622 207 fide
642 168 916 205 consummatur
933 173 999 213 per
1018 157 1234 199 charitatem
1250 168 1345 208 ope-

2 208 14 274 3-
80 244 197 280 rante.
219 235 312 277 Haec
337 234 468 276 eadem
488 232 550 272 lux
570 228 758 271 Christum
777 257 789 277 ‚
809 227 917 278 hujus
935 228 1025 266 vitae
1048 223 1192 264 sontem
1208 251 1219 271 ,
1241 227 1277 263 at
1305 221 1347 262 in

81 297 165 351 iege
187 295 468 342 absconditum,
499 291 608 332 nobis
640 290 734 330 ctare
769 287 921 329 revelat.
950 283 1003 326 Ut
1031 287 1119 337 ergo
1151 285 1261 323 vivas
1279 311 1291 332 ,
1309 283 1351 324 in

88 357 278 401 Christum
306 355 447 402 crede;
478 362 518 394 ut
538 356 576 394 in
598 352 674 393 vita
705 364 846 391 crescas
864 380 874 400 ‚
907 346 1057 389 Christo
1097 349 1186 386 vitae
1223 344 1348 397 sonti,

64 408 66 410 V
86 423 298 476 frequenter
314 420 419 460 unire
432 432 500 471 per
515 417 651 465 fidem3
673 418 748 456 imo
766 416 961 462 continue,
981 419 1020 452 ut
1038 424 1180 454 crescas
1200 416 1239 451 et
1253 422 1349 449 con-

89 489 205 587 ¹¹⁰2ss
227 543 373 586 Eadem
392 541 584 594 Evangelii
607 541 666 582 lux
686 543 775 580 iram
809 537 883 580 Dei
923 539 987 578 tibi
1007 536 1166 584 revelat.
1190 539 1353 575 mortem

86 612 345 653 comminantis
366 611 479 649 ineos
505 609 566 660 qui
586 604 658 647 Dei
680 607 873 645 veritatem
899 605 936 642 in
956 596 1133 652 injustitia
1152 601 1319 640 detinent
1338 628 1351 650 ,

83 692 148 719 seu
164 678 222 730 qui
234 674 356 716 Deum
370 688 434 728 per
447 673 557 713 fidem
571 678 699 712 notum
711 685 788 711 non
797 670 1018 722 glorificant,
1029 681 1104 708 non
1124 666 1264 716 colunt,
1274 680 1353 706 non

86 749 211 783 amant
231 755 240 789 ;
269 739 335 780 sed
367 741 497 779 vivunt
519 740 618 793 quasi
648 751 725 778 non
746 738 940 782 noverint;
963 738 1010 775 ita
1030 741 1067 774 ut
1090 736 1126 774 in
1145 735 1231 786 ipsis
1258 731 1355 772 fides

83 818 161 844 non
183 803 297 853 magis
316 806 512 853 appareat,
531 802 641 850 quam
663 800 693 837 si
717 800 754 838 in
779 804 857 838 atro
887 810 1030 837 carcere
1062 795 1207 834 detrusa
1242 800 1353 848 esset.

81 866 217 910 Fidem
241 868 362 918 itaque
392 879 441 904 ne
473 868 657 916 captivam
690 869 816 902 teneas
832 892 844 911 ‚
883 868 922 902 ut
957 875 1034 901 non
1067 860 1246 900 moriaris.
1274 859 1354 910 Qut

81 931 200 970 credit
214 930 253 967 1‘n
269 929 306 967 F
305 929 425 970 illum,
439 927 551 964 babet
566 926 685 965 vitam
704 930 883 962 oetemam
902 938 914 962 .·
927 925 991 976 qui
1000 929 1126 961 aulem
1142 920 1353 960 incredulus

79 998 137 1031 est
151 990 270 1038 Filio,
297 1003 371 1027 non
391 987 533 1026 videbit
550 987 668 1027 vitam
681 999 697 1027 ,·
715 981 783 1024 sed
807 986 865 1025 ira
883 985 962 1024 Dei
979 990 1107 1024 manet
1122 998 1233 1036 super
1251 997 1353 1024 eum.

80 1046 197 1092 Joan.
218 1047 256 1090 3.
275 1046 332 1101 ff.
354 1046 421 1088 36.

631 1115 801 1158 PnAxrs.

135 1239 190 1281 Ut
205 1240 301 1280 hanc
325 1240 460 1279 animae
479 1239 592 1277 vitam
618 1237 819 1276 ordinatius
841 1236 1029 1288 concipias
1050 1265 1062 1284 ‚
1081 1242 1116 1276 et
1140 1237 1177 1276 in
1204 1239 1351 1288 praxim

86 1303 226 1344 facilins
267 1310 303 1344 et
335 1302 561 1355 frequentius
593 1300 760 1352 redigas3
796 1302 950 1352 concipe
985 1300 1085 1352 quod
1114 1298 1281 1341 Christus
1310 1303 1351 1342 in

84 1380 193 1407 cruce
226 1365 402 1406 exaltatus
419 1395 431 1416 ,
459 1370 513 1404 est
536 1362 619 1403 sons
648 1365 759 1411 vitae,
783 1369 818 1402 et
849 1362 948 1414 quod
974 1362 1066 1402 fides
1089 1364 1127 1402 in
1160 1360 1351 1405 Christum

83 1436 140 1471 est
165 1429 328 1470 medium
353 1443 425 1482 quo
457 1429 530 1467 vita
553 1426 635 1466 haec
656 1429 676 1466 a
701 1425 850 1466 Christo
868 1428 1161 1467 communicatur
1180 1430 1282 1469 omni
1309 1429 1351 1470 in

80 1494 202 1546 ipsum
217 1492 493 1538 credenti;seu
529 1490 623 1530 fides
651 1497 707 1530 est
730 1488 830 1544 quasi
864 1490 996 1530 canalis
1015 1519 1026 1539 ,
1068 1504 1141 1543 quo
1177 1494 1200 1532 ὲ
1235 1491 1349 1534 corde

81 1552 220 1596 Christi
238 1557 313 1595 vita
332 1554 411 1594 fluit
430 1555 469 1593 in
491 1566 555 1592 cor
575 1559 757 1594 nostrum.

136 1617 285 1658 Christo
318 1621 437 1670 itaque
453 1647 465 1667 ‚
491 1619 580 1656 vitae
610 1615 702 1657 sonti
726 1615 962 1670 frequenter,
983 1617 1059 1655 ime>
1084 1618 1257 1658 continue
1277 1630 1344 1671 per

80 1680 195 1721 fidem
224 1682 394 1732 jungere,
413 1686 451 1719 ut
483 1681 588 1718 vivas
613 1680 768 1731 ejusque
800 1682 912 1719 vitam
950 1678 1117 1728 haurias,
1153 1687 1189 1720 et
1221 1687 1259 1720 ut
1297 1680 1348 1720 ab

79 1746 255 1785 omnibus
271 1746 341 1784 tuis
357 1742 591 1795 languoribus
607 1750 642 1782 et
660 1743 931 1783 infirmitatibus
946 1746 1097 1784 saneris.
1110 1742 1211 1785 Sicut
1227 1747 1248 1784 a
1261 1758 1347 1785 ser-

81 1809 254 1860 pentibus
283 1807 461 1847 vuinerati
480 1820 556 1845 non
579 1808 803 1846 sanabantur
820 1809 892 1846 nisi
913 1806 1027 1846 oculis
1060 1809 1246 1860 corporeis
1269 1821 1348 1848 ser·

79 1877 231 1923 pentem
245 1884 390 1910 aeneurn
408 1872 446 1910 in
463 1883 570 1910 cruce
588 1869 785 1909 exaltatum
816 1872 1022 1922 aspicerent
1042 1885 1051 1909 ε
1071 1873 1122 1910 sic
1139 1871 1256 1911 nuilus
1274 1870 1348 1911 ho-

80 1936 221 1975 minum
242 1938 261 1974 a
280 1936 459 1986 serpentis
479 1932 664 1973 infernalis
683 1936 916 1986 percussione
936 1935 1119 1974 sanabitur
1137 1964 1147 1982 ‚
1172 1936 1347 1986 spiritua-

78 1997 226 2051 lemque
242 1999 356 2038 vitam
373 2003 616 2051 consequetur
627 2026 638 2047 ‚
657 1999 734 2038 nisi-
747 1997 861 2037 oculis
877 1998 963 2038 iidei
978 1995 1167 2038 Christum
1185 2001 1223 2038 in
1238 2012 1346 2040 cruce

78 2059 276 2100 exaltatum
304 2061 467 2112 aspiciat.

133 2121 303 2163 Mortuus
318 2122 387 2162 es'?
405 2122 517 2162 oculis
543 2121 628 2161 fidei
653 2123 796 2174 respice
812 2119 838 2162 J
843 2128 953 2162 esum‘
973 2123 1208 2170 crucifixum3
1232 2125 1346 2176 ipsius

78 2195 178 2226 mors
203 2187 271 2224 erit
305 2186 379 2224 vita
409 2191 482 2224 tua.
508 2182 722 2235 Languidus
752 2197 792 2223 es
815 2191 852 2224 et
881 2181 1078 2224 infirmus?
1109 2184 1222 2225 ocutis
1258 2184 1346 2225 fidei

76 2249 219 2301 respice
238 2242 371 2286 Jesum
390 2246 603 2286 crucifixum
624 2252 682 2294 ‚et
706 2259 771 2297 pro
789 2252 827 2285 te
847 2246 1080 2298 languentem
1098 2263 1107 2293 ;
1131 2249 1243 2299 ipsius
1256 2246 1346 2287 ian-

78 2311 253 2361 guoribus
279 2310 480 2350 sanaberis.
514 2306 656 2349 Vivis?
683 2308 799 2352 oculis
831 2309 916 2350 fidei
944 2311 1041 2351 vivae
1073 2313 1217 2363 respice
1254 2324 1346 2352 cru-
