1410 2554
315 66 500 101 ‘falanx
525 67 760 100 mansi-rto.
788 54 885 111 cop.
924 55 974 98 V.
1226 71 1303 113 ¹1⁷

9 131 16 154 ⁵
43 137 180 184 riom,
198 133 457 186 omnipotens,
481 143 560 171 non
577 128 702 181 saciet,
717 135 758 170 ut
775 130 894 184 pretio
911 127 1096 182 sanguinis
1107 130 1163 170 sui
1179 143 1306 171 recon-

8 233 9 236 ,
49 198 188 239 ciliatos
207 193 320 235 salvet
339 195 376 233 in
392 199 591 233 aeternum
579 185 605 219 '¹’

100 257 204 299 Hinc
221 259 302 311 quis
321 250 554 295 Christianus
578 255 616 294 in
634 254 812 305 sanguine
830 249 966 293 Chrtsii
996 251 1210 304 justificatus
1227 264 1305 295 nou

44 323 194 378 speret?
215 325 295 376 quis
318 317 471 364 Christo
491 333 568 360 non
581 350 584 355 .
598 318 721 359 dicat?
745 318 799 358 Tu
817 333 881 366 es,
902 317 1076 368 Domine,
1093 332 1175 370 spes
1191 331 1275 356 mea
1291 331 1305 355 .·

15 426 17 429 .
43 390 84 430 in
102 394 138 428 te
152 392 268 427 toturn
285 396 414 438 spero;
435 388 470 422 et
491 384 529 422 in
546 387 705 421 mortem
722 387 842 431 tuam,
866 381 953 421 etin
973 381 1086 420 vitam
1103 387 1202 421 tuam
1218 394 1307 434 spe·

45 461 112 489 w:
131 461 229 489 mors
244 453 302 486 tua
315 443 560 486 reconciliatio
573 454 657 482 mea
669 448 723 482 est
735 457 744 490 ;
759 444 836 482 vita
856 447 915 482 tua
928 440 1084 493 gloriosa
1094 472 1104 492 ‚
1118 440 1210 482 salus
1221 452 1307 480 mea

15 559 18 563 .
47 513 139 559 erit,
129 525 141 535 ·
165 522 230 564 per
250 514 407 549 mortem
429 513 529 547 tuam
547 503 633 546 Deo
647 504 921 556 reconciliatus,
940 516 1054 556 spero
1071 509 1108 544 et
1132 501 1230 559 quod
1242 514 1308 556 per

27 588 29 590 ·
47 576 161 615 vitam
178 580 276 614 tuam
297 571 494 612 salvabor'
484 584 522 610 ιιι
540 575 735 610 aeternum.

90 636 159 698 fi.
180 651 196 676 1
207 651 242 676 1·
265 636 354 676 Non
366 635 484 674 solt'tm
501 640 655 673 autem:
672 632 739 672 sed
754 638 794 670 et
806 629 1064 683 gloriamur-in
1084 631 1190 670 Deo..
1195 627 1306 670 .Non

49 690 168 744 solum
185 708 330 750 autem,
332 700 477 754 supple
489 729 500 751 ‚
518 699 759 751 gloriamur·
742 713 782 738 m
801 711 866 749 spe
881 696 1010 750 gloria
1017 696 1187 748 filiorum
1204 695 1282 735 Dea·
1289 725 1304 745 ,

51 772 88 807 et
122 768 160 806 in
194 763 487 805 tribulationibus
526 762 573 802 ad
599 760 698 813 hanc
731 759 884 813 gloriam
916 758 1206 800 conducentibus
1218 788 1229 808 ‚
1265 764 1306 799 ut

51 825 110 880 y·
130 825 167 868 3.
186 827 324 867 dictum
343 831 419 866 est:
443 824 516 865 huc
538 825 638 864 enim
655 823 751 863 redit
771 825 898 863 oratio.

101 891 177 930 Sed
195 890 283 928 etin
300 891 380 941 ipso
404 889 505 936 Deo,
530 886 655 938 gloriae
674 884 776 925 sonte
793 891 830 924 et:
852 889 1003 935 centro,
1022 883 1250 935 gloriamur-,-
1267 886 1306 922 ἡι

50 952 153 999 Deo,
173 953 342 1003 inquam,
358 950 567 999 gloriamur
579 961 647 998 per
666 946 867 986 Dominum
889 952 1057 985 nostr-um
1077 944 1224 996 lesum,
1239 959 1309 998 per

49 1026 154 1069 quem
170 1024 293 1054 sumus
311 1024 394 1051 cum
411 1007 494 1051 Deo
510 1009 744 1050 reconciliati.

107 1078 326 1119 Glom'amur
340 1089 426 1128 crgo
446 1073 545 1129 quod
561 1087 645 1113 cum
668 1070 754 1113 Deo
768 1071 988 1113 reconciliati
1005 1081 1128 1111 sumus
1139 1099 1149 1119 ,
1170 1076 1206 1110 et
1224 1072 1308 1123 quia

49 1135 148 1184 illum
161 1143 232 1192 jam
249 1139 428 1180 habemus
441 1144 598 1192 patrem,
613 1137 788 1186 amicum,
801 1148 907 1190 supra
918 1133 1068 1175 modurn
1081 1131 1306 1173 dilectorem.

108 1203 327 1242 Gloriantur
349 1206 384 1239 et
406 1198 528 1251 quod,
554 1211 618 1250 per
640 1195 828 1236 Christum
855 1195 1098 1235 mediatorem
1117 1200 1280 1234 nostrum
1294 1222 1306 1244 ,

45 1264 134 1308 Deo
153 1263 373 1306 reconciliati
397 1275 544 1311 sumus,
576 1274 641 1301 seu
664 1262 748 1312 quia
773 1259 881 1300 talem
901 1266 938 1299 et
970 1264 1107 1298 tantum
1131 1257 1309 1298 habemus

46 1327 349 1373 reconciliationis
367 1330 566 1366 auctorem.

105 1391 265 1444 Quartus
279 1391 340 1431 hic
357 1397 410 1431 est
426 1386 852 1442 justificationisessectus
864 1415 875 1435 ‚
895 1384 1059 1437 gloriatio
1075 1387 1112 1426 in
1129 1383 1216 1426 Deo
1234 1383 1311 1427 Pa-

50 1462 106 1496 tre
128 1462 278 1504 nostro,
300 1460 336 1494 et
355 1457 393 1494 in
412 1448 506 1492 Jesu
527 1449 694 1498 Christo,
718 1448 992 1490 reconciliatore
1011 1454 1159 1487 nostro:
1178 1461 1309 1488 recon-

53 1515 213 1556 ciliatore
225 1546 236 1565 ‚
271 1517 417 1566 inquam
429 1515 452 1563 ‚'
470 1511 722 1559 nobilissimo,
754 1508 1113 1554 beneficentissim03
1144 1509 1311 1548 omnium

55 1579 255 1619 coelestium
272 1575 571 1617 benedictionum
592 1572 807 1613 mediatore.
824 1570 921 1612 Vide
940 1568 1083 1624 Ephes.
1106 1585 1140 1610 1.
1159 1569 1197 1610 3.

107 1632 155 1680 ἵ.-
179 1653 239 1687 ¹2·
258 1637 458 1689 Propterea
474 1637 571 1675 sicut
578 1648 646 1686 per
660 1647 777 1673 unum
798 1633 1001 1671 hominem.
1020 1661 1029 1671 .
1042 1660 1053 1671 .
1067 1660 1078 1671 .
1096 1631 1311 1682 Propterea.

54 1696 150 1740 Q
165 1696 335 1750 particula
354 1709 564 1737 sermonem
581 1698 696 1747 jungit
710 1708 795 1734 curn
810 1706 856 1734 eo
880 1692 980 1746 quod
1001 1694 1168 1744 proxime
1187 1691 1306 1732 dixit:

50 1772 121 1812 per
135 1771 241 1811 quem
256 1758 594 1797 reconciliationem
605 1757 837 1808 accepimus,
860 1764 1078 1807 causamque
1094 1752 1236 1804 reddit,
1249 1766 1313 1794 cut

53 1823 116 1864 tati
135 1829 173 1863 et
184 1827 284 1863 tanto
302 1821 577 1863 reconciliatore
591 1821 858 1874 indigebamus.
897 1846 900 1850 -

109 1879 310 1938 Apostolus
327 1883 446 1936 itaque
467 1882 514 1922 de
528 1882 652 1922 nostra
666 1895 748 1922 curn
769 1879 853 1921 Deo
875 1878 1168 1920 reconciliatione
1179 1882 1311 1932 agens,

12 1952 24 1960 '
55 1960 135 1989 rem
148 1948 195 1987 ab
211 1947 326 1987 altiori
359 1949 537 2002 principio
553 1949 685 2001 repetit
704 1962 713 1986 ε
735 1960 800 1988 seu
834 1946 1050 1998 originalem
1070 1941 1323 1999 corruptionis

55 2014 194 2051 nostrae
216 2021 359 2048 causam
377 2009 562 2060 ostendit,
583 2008 679 2050 Adae
703 2010 839 2050 scilicet
852 2037 865 2057 ,
887 2014 1098 2061 peecatum
1120 2014 1161 2048 ut
1178 2014 1316 2048 nostrae

58 2076 291 2127 reparationis
309 2082 494 2116 auctorem
507 2071 701 2116 Christum
715 2105 727 2128 ‚
745 2077 867 2117 omnis
883 2077 1031 2127 justitiae
1054 2073 1220 2124 fontem,
1245 2086 1315 2112 os-

61 2139 200 2181 tenuat.
245 2142 250 2147 ’

126 2202 187 2246 Ac
214 2207 333 2258 primo
357 2213 542 2260 comparat
571 2210 720 2260 gratiam
739 2204 879 2248 Christi
913 2221 996 2248 cum
1002 2212 1166 2260 'peccato
1191 2200 1309 2250 Adam

64 2269 328 2334 ostenditque
318 2285 355 2311 ιιι
372 2270 445 2312 hoc
470 2279 665 2326 utrumque
699 2275 922 2321 convenire3
943 2272 1042 2328 quod
1058 2278 1251 2324 utrumque
1268 2271 1315 2311 ab

61 2339 137 2376 tino
146 2335 299 2376 homine
314 2337 358 2376 in
368 2343 496 2379 omnes
513 2341 735 2392 pertransiit.
