1410 2554
114 63 197 114 404
477 74 689 106 Eris-rom
719 55 776 104 im
803 74 1006 106 nonanes

480 288 783 328 Commentmius
807 288 846 328 in
872 287 965 340 Cap.
994 285 1056 329 16.

123 454 183 508 y.
206 471 241 496 1.
266 406 495 496 Commu
504 467 556 495 oo
574 461 700 493 autem
722 454 830 495 vobis
853 454 1033 496 Phoeben.
1055 450 1137 496 Per
1154 454 1250 497 hanc
1270 456 1387 499 delata

125 519 282 563 creditur
296 518 380 560 haec
395 519 442 560 ad
460 517 654 560 Romanos
670 518 835 570 epistola.

181 582 350 621 Sororem
380 587 574 627 nostram,
605 579 679 620 fide
706 579 846 620 scilicet
873 587 909 620 et
938 576 1138 633 reiigione,
1163 597 1245 635 quoe
1273 590 1328 623 est
1346 585 1390 623 ιή

127 649 292 688 minister
301 651 347 687 io.
367 645 435 688 Gr.
454 659 537 702 quae
553 652 605 686 est
625 643 868 696 Diaconissa‚
891 661 956 688 seu
976 646 1143 689 Ministra
1159 646 1351 691 Ecclesiae.

184 707 366 750 Batonius
383 709 429 750 ad
445 723 583 749 annum
603 705 739 748 Christi
756 706 822 759 34..
838 716 1006 750 recenset
1022 709 1160 760 officia,
1179 725 1246 752 seu
1265 713 1393 753 minis-,

127 777 261 818 terium
278 773 547 825 Diaconarum‚
563 787 628 815 seu
643 771 941 814 Diaconissarum
953 777 1100 816 istarum
1115 791 1124 823 ;
1142 776 1280 818 scilicet
1297 790 1390 818 cus-

129 839 250 881 todire
263 838 360 880 fores
378 836 552 879 Ecclesiae
567 868 577 887 ‚
597 851 662 890 per
679 850 767 891 quas
787 834 934 878 feminae
952 839 1133 879 intrabant
1154 849 1165 872 ²
1183 841 1393 880 sicutenim

129 904 170 942 in
185 901 322 954 templo
345 900 463 940 locum
482 902 501 939 a
519 901 606 939 viris
624 905 828 951 separatum
850 897 1036 939 habebant
1050 929 1061 949 ‚
1080 901 1129 940 ita
1152 906 1190 940 et
1204 898 1301 940 fores
1315 900 1391 942 dis·

132 966 262 1005 tinctas
278 979 288 1010 ;
307 963 441 1004 docere
461 962 615 1002 seminas
634 975 710 1001 non
730 963 921 1002 instructas
938 993 948 1011 ‚
965 975 1089 1003 earum
1104 976 1226 1003 mores
1245 962 1392 1007 sorma-

132 1040 194 1078 re,
209 1030 342 1080 easque
364 1027 489 1076 juvare
506 1026 543 1064 in
569 1026 804 1077 susceptione
820 1020 998 1077 Baptismi
1022 1031 1058 1065 et
1081 1022 1394 1067 Confirmationis.

192 1087 343 1130 Grotius
372 1089 433 1128 hic
450 1093 551 1128 notat
574 1086 672 1140 quod
700 1088 739 1126 in
757 1083 783 1125 J
788 1085 890 1126 udaea
909 1083 1063 1126 Diaconi
1082 1089 1150 1127 viri
1169 1089 1278 1128 etiam
1295 1099 1393 1129 mu-

131 1153 280 1194 lieribus
297 1153 502 1193 ministrare
519 1156 687 1203 poterant
708 1151 771 1189 :in
795 1146 941 1190 Graeeia
963 1157 1083 1191 autem
1097 1181 1106 1199 ‚
1128 1152 1191 1191 ubi
1214 1166 1291 1192 non
1319 1159 1396 1194 erat

134 1222 209 1256 tam
223 1214 316 1254 liber
344 1227 510 1253 accessus
537 1212 582 1252 ad
600 1211 778 1261 seminam,
809 1208 985 1251 Ecclesiae
1018 1211 1152 1265 duplici
1178 1211 1395 1255 feminarum

134 1279 269 1320 auxilio
289 1290 380 1330 opus
410 1276 617 1322 habebant;
652 1274 771 1315 alterae
789 1276 888 1315 enim
915 1282 1042 1325 erant,
1064 1289 1147 1329 quoe
1175 1275 1396 1319 seminarum

134 1355 260 1382 mores
286 1339 518 1386 formabant3
552 1339 648 1387 aliae,
677 1351 761 1390 quae
789 1337 942 1378 seminas
962 1352 1137 1392 pauperes
1155 1347 1214 1381 aut
1241 1347 1396 1393 aegrotas

134 1403 290 1459 pecunia
305 1411 412 1458 atque
429 1400 541 1457 opera
554 1402 807 1443 sublevabant.

191 1466 256 1510 Ex
268 1467 398 1508 harum
412 1479 567 1507 numero
584 1472 658 1506 erat
678 1463 848 1514 Phoebe,
870 1479 978 1519 quam
998 1463 1048 1506 D.
1065 1464 1198 1508 Paulus
1213 1466 1397 1510 Romanis

137 1531 393 1581 commendat,
413 1532 563 1583 ejusque
574 1527 905 1569 commendationis
919 1537 1132 1581 argumenta
1147 1534 1257 1572 sumit
1273 1535 1293 1573 a
1310 1545 1398 1574 me-

134 1596 212 1636 ritis
227 1624 237 1644 ‚
258 1600 295 1634 et
314 1595 335 1633 ὲ
353 1605 511 1646 persona
527 1588 688 1639 Christi,
709 1591 764 1629 cui
785 1590 991 1635 serviebat;
1014 1593 1033 1630 ὲ
1054 1593 1242 1632 sanctitate
1262 1589 1398 1634 Chris-

135 1657 318 1706 tianismi‚
345 1657 446 1706 cujus
472 1660 507 1694 et
533 1655 630 1705 ipsa,
661 1658 696 1692 et
716 1650 879 1692 Romani
901 1652 1166 1704 professionem
1188 1653 1396 1704 faciebant;

137 1719 185 1758 ab
202 1716 331 1759 officiis
350 1713 524 1756 Ecclesiae
541 1715 710 1767 praestitis
724 1716 743 1752 a
761 1711 927 1760 Phoebe;
947 1716 966 1752 a
979 1714 1196 1766 gratitudine
1209 1717 1258 1755 ob
1279 1717 1398 1759 bene·

137 1781 219 1822 ficia
232 1811 244 1833 ,
263 1793 343 1833 quae
363 1780 410 1819 ab
428 1792 471 1819 ea
486 1783 670 1832 receperat
686 1778 763 1828 ipse
781 1773 930 1816 Paulus.

198 1844 295 1898 Quoe
314 1851 369 1884 est
388 1843 428 1882 ιή
446 1838 636 1881 cenchris.
655 1837 860 1880 Cenchreae
876 1845 1000 1891 portus
1024 1846 1099 1880 crat
1120 1847 1155 1881 et
1175 1855 1284 1895 pagus
1299 1873 1310 1894 ,
1331 1856 1397 1885 seu

139 1911 242 1965 quasi
258 1910 472 1951 suburbium
491 1904 684 1954 Corinthi,
708 1907 746 1945 in
762 1918 835 1957 quo
858 1911 934 1945 erat
957 1906 1124 1958 qnaedam
1150 1904 1314 1949 Ecclesia
1330 1923 1396 1951 seu

139 1971 341 2020 Parochia‚
358 1972 397 2011 in
417 1984 487 2024 qua
506 1976 591 2010 tunc
608 1973 683 2008 erat
707 1965 862 2017 Pautus,
892 1970 1019 2008 versus
1038 1965 1307 2022 Jerosolymam
1325 1984 1397 2012 na·-

138 2039 262 2090 vigare
279 2042 434 2091 paratus.

197 2097 253 2149 Y.
273 2115 311 2141 2.
335 2097 385 2138 Ul
402 2112 486 2138 eam
504 2099 719 2151 suscipiatis
741 2099 779 2136 ίη
802 2097 989 2144 Domino,-
1011 2097 1046 2137 id
1062 2104 1114 2138 cst
1128 2127 1138 2146 ‚
1155 2102 1195 2136 ut
1224 2111 1304 2138 eam
1323 2111 1397 2140 ex-

141 2163 280 2216 cipiatis
301 2160 460 2214 hospitio
483 2160 532 2200 ob
549 2156 754 2210 Christum,
776 2161 831 2200 cui
850 2159 1002 2200 fideliter
1017 2158 1073 2199 iila
1089 2160 1214 2199 servit.

198 2228 325 2282 Digna
345 2227 487 2269 sanctis
498 2254 512 2275 ‚
541 2225 578 2266 id
597 2231 649 2267 est
667 2256 677 2277 ‚
698 2227 789 2265 sicut
806 2225 914 2265 decet
929 2229 1075 2265 sanctos
1093 2227 1112 2263 a
1137 2225 1270 2264 sanctis
1288 2224 1399 2264 exci-

138 2296 207 2348 pit
231 2299 272 2334 et
289 2293 479 2333 assistatis
492 2319 506 2338 ,
528 2289 566 2331 id
584 2296 665 2341 est,
684 2288 811 2329 adsitis
833 2318 843 2338 ‚
858 2287 1090 2340 opituicmini
1107 2315 1117 2335 ‚
1140 2288 1248 2340 eique
1270 2297 1402 2328 manus

139 2356 330 2411 porrigatis
343 2385 356 2407 ,
377 2354 600 2407 ubicumque
612 2351 721 2395 vobis
739 2363 832 2404 opus
855 2348 1037 2390 habuerit.
