1410 2554
79 46 138 73 ιο
247 79 257 85 x
399 64 404 66 -
445 48 656 80 mmmmm
670 50 743 81 :An
759 45 971 84 ‘normas
1362 0 1386 38 3

81 101 272 154 dicamus,
286 107 485 148 inclamatio
498 109 559 149 filii
574 104 670 159 Dei,
681 115 826 163 passio,
847 127 962 167 mors,
984 123 1054 159 etc.
1070 124 1203 171 potens
1223 123 1259 160 et
1279 117 1342 161 ef-
1368 99 1389 162 ὃ

81 164 178 206 ficax
212 167 376 208 medium
397 176 452 210 est
482 170 529 210 ad
554 178 731 213 aetemam
766 175 920 216 salutem
949 179 1212 222 'conferendam
1237 183 1345 222 omni
1376 168 1391 211 ἶ

79 227 270 276 credenti,
304 230 340 270 id
365 237 445 278 est,
476 231 639 284 perfecte
667 235 859 287 credenti,
890 247 926 280 et
957 237 1104 281 facienti
1120 242 1220 294 quod
1248 242 1341 283 fides
1409 261 1410 283 ι

84 291 196 332 docet
214 305 295 331 esse
325 290 549 334 faciendum.
578 291 686 336 Sicut
717 294 1037 341 medicamentum*
1056 316 1133 342 non
1165 288 1339 357 prodest,
1409 290 1410 295 ¹

79 358 155 398 nisi
169 355 339 396 haustum
360 374 368 402 ;
390 358 438 396 ita
457 371 527 398 nec
558 354 802 413 Evangeiium
829 365 942 404 vitam
966 367 1142 407 aeternam
1165 367 1308 409 confe‘rt
1327 398 1338 420 ,
1387 411 1389 413 ,

83 421 156 460 nisi
177 419 355 460 creditum
373 427 408 460 et
429 421 666 463 custoditum.

139 483 279 524 Jndoeo
291 485 472 535 primz'am.
488 483 586 536 Quia
597 481 740 528 Judaeis
753 491 951 541 promissus
972 491 1037 532 fuit
1053 490 1221 534 Messias.
1240 491 1345 534 Hinc

86 556 123 591 et
142 546 309 590 Christus
334 551 412 602 ipse
437 550 504 591 illis
533 552 822 604 evangeiizavit‚
855 562 892 595 et
918 555 963 596 ad
977 570 1041 596 eos
1066 560 1222 610 primum
1245 560 1346 600 misit

83 610 292 664 ‘Apostolos
311 626 411 652 suos.
431 613 485 652 Et
505 614 637 654 Groeco
650 630 662 653 :
684 615 721 655 id
738 623 817 667 est,
841 615 1063 660 Gentilibus.
1087 617 1151 660 Ab
1169 617 1345 660 Alexan-

84 675 155 716 dro
184 676 368 730 pieraeque
396 684 526 729 gentes
549 682 668 730 graece
689 680 952 733 loquebantur:
985 683 1074 724 hine
1100 685 1167 724 sub
1194 685 1348 724 nornine

90 735 221 780 Graeci
235 738 296 780 hle
314 740 522 791 intelligitur
535 738 708 782 Gentilis.

146 800 252 846 Nota
275 800 327 842 1.⁰
344 801 444 854 quod
457 796 552 841 fides
569 802 733 843 medium
748 810 815 854 est,
831 819 896 858 per
915 805 1015 858 quod
1030 801 1143 846 Deus
1158 806 1268 846 nobis
1286 808 1348 847 vi-

86 872 166 906 tam
192 865 338 917 largitur
376 870 411 904 et
443 863 620 911 salutem3
641 878 705 904 seu
728 878 794 917 per
815 866 916 916 quod
951 866 1134 906 ordinavit
1165 875 1204 907 ut
1225 869 1345 908 omnis
1377 862 1383 864 ξ

86 927 207 970 homo
226 928 381 968 salutern
404 934 637 981 assequatur;
659 930 768 967 omni
784 930 975 981 credenti,
992 936 1065 972 etc.
1087 937 1126 969 ut
1147 932 1267 982 supra.

146 991 247 1034 Nota
266 1000 306 1033 2⁰
321 992 418 1047 quod
436 990 699 1045 Evangeiicurn
714 984 870 1033 verbum
882 996 925 1033 sit
940 989 1112 1047 quaedarn
1126 995 1351 1034 instrumen-

89 1055 170 1095 talis
190 1053 263 1095 Dei
283 1056 398 1094 virtus
418 1060 454 1093 et
472 1056 658 1106 potentia,
682 1055 752 1107 qufi
779 1055 893 1095 fidem
922 1061 958 1095 et
989 1056 1161 1106 justitiam
1181 1085 1191 1105 ,
1218 1056 1351 1095 animae

90 1118 207 1158 vitam
226 1146 238 1166 ‚
259 1118 367 1156 nobis
387 1115 541 1156 confert.

95 1191 99 1194 “
124 1207 125 1210 =
142 1179 227 1223 *Sub
246 1177 474 1233 Evangelieo
487 1181 605 1221 verbo
619 1178 723 1221 Deus
735 1183 864 1234 gratiae
877 1195 956 1222 suae
964 1183 1224 1235 potentiam,et
1239 1183 1355 1223 sancti

91 1243 248 1300 Spiritus
262 1245 462 1286 efficaciam
479 1245 685 1286 abscondit.

150 1307 254 1350 Hinc
278 1307 378 1347 disce
396 1309 433 1347 in
453 1309 569 1348 verbo
590 1305 664 1348 Dei
698 1311 848 1362 gratiam
863 1316 898 1350 et
911 1310 1076 1362 spiritum
1089 1340 1100 1360 ‚
1120 1310 1286 1349 oratione
1317 1315 1355 1351 et

92 1374 335 1415 meditatione
360 1387 538 1426 quaerere.

151 1436 206 1489 y.
240 1437 475 1490 17.Justitia
496 1438 595 1476 enim
625 1438 698 1477 Dei
718 1439 757 1476 in
776 1453 853 1478 eo..
869 1468 879 1479 .
898 1468 908 1478 .
927 1469 936 1479 .
954 1436 1041 1492 Syr.
1071 1435 1218 1478 Justitia
1252 1440 1354 1478 enim

91 1501 166 1544 Dei
181 1503 340 1556 periliud
361 1503 553 1543 revelatur.
567 1500 673 1542 Dixit
691 1532 703 1552 ‚
721 1516 799 1541 non
820 1503 995 1543 erubesco
1011 1501 1275 1555 Evangeliurm
1296 1515 1357 1542 ra-

94 1570 239 1609 tionem
259 1567 442 1613 reddidit3
463 1569 546 1620 quia
565 1569 678 1616 virtus
699 1563 770 1606 Dei
789 1573 843 1607 est
862 1597 872 1614 ,
896 1573 966 1607 etc.
988 1567 1077 1607 hinc
1093 1568 1229 1606 sensim
1250 1565 1357 1606 dela-
1398 1557 1405 1563 ⁶

95 1634 196 1674 bitur
224 1632 270 1672 ad
293 1633 509 1684 praecipuam
533 1630 640 1681 hujus
657 1627 834 1683 Epistolae
848 1632 1035 1671 materiam
1049 1659 1060 1679 ‚
1084 1643 1192 1684 quam
1214 1630 1253 1669 in
1282 1628 1357 1669 hoc

99 1693 157 1748 y.
175 1689 350 1747 exprimit
369 1710 378 1739 ;
400 1695 526 1746 sicque
547 1706 629 1732 curn
647 1692 942 1745 praecedentibus
959 1691 1161 1731 connectit.

152 1752 398 1807 Evangelium
420 1757 508 1793 vere
526 1751 599 1793 Dei
615 1755 731 1794 virtus
754 1760 809 1794 est
838 1753 882 1793 ad
906 1752 1057 1792 salutem
1079 1767 1088 1790 ε
1110 1750 1251 1804 quare?
1274 1750 1359 1803 quia'

99 1815 168 1869 (et
181 1818 254 1858 hoc
272 1820 335 1858 erit
351 1816 548 1870 principale
561 1816 668 1868 hujus
682 1814 858 1870 Epistolae
877 1817 1081 1866 subjectum
1099 1814 1116 1866 )
1139 1828 1225 1855 vcra
1242 1814 1364 1866 justi-

100 1885 156 1924 tia
170 1914 182 1932 ‚
204 1882 274 1937 qua
305 1886 386 1938 quis
412 1896 533 1922 coram
566 1880 650 1922 Deo
684 1884 797 1932 justus
820 1887 896 1930 est,
917 1881 1026 1919 nobis
1045 1880 1084 1918 ίιι
1103 1893 1144 1918 eo
1169 1879 1359 1918 revelatur.

161 1946 331 1998 Exfide.
351 1944 486 1998 tuaque
506 1946 618 1984 oritur
635 1958 681 1983 ex
696 1943 772 1983 fide
788 1972 799 1992 ‚
822 1957 898 1983 non
921 1955 967 1983 ex
986 1941 1067 1992 iege
1080 1971 1089 1989 ‚
1106 1946 1142 1980 ut
1156 1934 1277 1980 Judaei
1291 1951 1366 1991 pu·

99 2014 178 2049 ram
198 2024 209 2055 ;
227 2021 305 2048 non
325 2007 381 2048 ex'
401 2013 538 2047 naturae
571 2005 732 2054 viribus,
768 2011 808 2044 ut
830 2006 1023 2056 opinantur
1050 2000 1173 2043 Graeci
1187 2029 1197 2048 ,
1219 1998 1290 2040 sed
1308 2010 1357 2039 ex

101 2067 193 2109 fide.

162 2133 358 2186 Infidem.
376 2131 436 2174 Ex
453 2134 528 2174 fide
543 2134 714 2180 nascitur,
735 2130 808 2171 fide
825 2131 997 2177 nutritur,
1014 2135 1051 2169 et
1074 2130 1111 2168 in
1124 2127 1234 2167 fidem
1251 2126 1373 2176 maio·

110 2209 192 2237 rem
212 2203 248 2237 et
262 2197 473 2237 soiidiorem
491 2193 656 2247 quotidie
673 2195 802 2232 crescit
819 2206 829 2229 ε
857 2193 994 2244 quippe
1013 2203 1060 2230 ex
1077 2188 1153 2229 fide
1172 2185 1319 2226 informi
1330 2184 1373 2225 fit

107 2257 207 2301 fides
227 2258 402 2313 perfecta.
423 2257 596 2297 charitate
618 2253 770 2294 formata
789 2282 800 2301 ‚
817 2258 1019 2306 etoperans
1040 2263 1105 2303 per
1117 2247 1370 2288 dilectionem.

141 2322 253 2361 Sicut
268 2321 458 2374 scriptum
475 2325 543 2359 est.
558 2315 748 2358 Habaca.
762 2313 895 2354 luscus
905 2319 1028 2353 autem
1043 2314 1082 2350 in
1099 2308 1178 2359 lide
1189 2310 1258 2349 sud
1271 2308 1375 2350 vivit.
