<?xml version="1.0" encoding="UTF-8"?>
<!DOCTYPE html PUBLIC "-//W3C//DTD XHTML 1.0 Transitional//EN"
    "http://www.w3.org/TR/xhtml1/DTD/xhtml1-transitional.dtd">
<html xmlns="http://www.w3.org/1999/xhtml" xml:lang="en" lang="en">
 <head>
  <title>
</title>
<meta http-equiv="Content-Type" content="text/html;charset=utf-8" />
  <meta name='ocr-system' content='tesseract 3.04.00' />
  <meta name='ocr-capabilities' content='ocr_page ocr_carea ocr_par ocr_line ocrx_word'/>
</head>
<body>
  <div class='ocr_page' id='page_1' title='image "./epistolaumbpauli01picq_0405.png"; bbox 0 0 1410 2554; ppageno 0'>
   <div class='ocr_carea' id='block_1_1' title="bbox 310 54 1311 123">
    <p class='ocr_par' dir='ltr' id='par_1_1' title="bbox 310 54 1311 123">
     <span class='ocr_line' id='line_1_1' title="bbox 310 54 1311 123; baseline -0.001 -9"><span class='ocrx_word' id='word_1_1' title='bbox 310 54 312 58; x_wconf 21' lang='grc' dir='ltr'>ι</span> <span class='ocrx_word' id='word_1_2' title='bbox 373 84 543 114; x_wconf 66' lang='lat' dir='ltr'><strong>&#39;ramatx</strong></span> <span class='ocrx_word' id='word_1_3' title='bbox 565 83 791 114; x_wconf 67' lang='lat' dir='ltr'><strong>exposta-10.</strong></span> <span class='ocrx_word' id='word_1_4' title='bbox 809 69 904 123; x_wconf 79' lang='lat' dir='ltr'><strong>Cap.</strong></span> <span class='ocrx_word' id='word_1_5' title='bbox 924 69 1042 112; x_wconf 85' lang='lat' dir='ltr'><em>XIV.</em></span> <span class='ocrx_word' id='word_1_6' title='bbox 1233 67 1311 113; x_wconf 72' lang='lat'><strong>362</strong></span> 
     </span>
    </p>
   </div>
   <div class='ocr_carea' id='block_1_2' title="bbox 8 139 1317 2302">
    <p class='ocr_par' dir='ltr' id='par_1_2' title="bbox 55 139 1314 320">
     <span class='ocr_line' id='line_1_2' title="bbox 112 139 1314 194; baseline 0 -11"><span class='ocrx_word' id='word_1_7' title='bbox 112 139 158 191; x_wconf 54' lang='lat' dir='ltr'><strong>i.</strong></span> <span class='ocrx_word' id='word_1_8' title='bbox 177 141 216 184; x_wconf 88' lang='grc'><strong>3.</strong></span> <span class='ocrx_word' id='word_1_9' title='bbox 230 142 272 183; x_wconf 84' lang='lat' dir='ltr'><strong>Is</strong></span> <span class='ocrx_word' id='word_1_10' title='bbox 289 144 595 194; x_wconf 76' lang='lat' dir='ltr'><strong>quimanducat,</strong></span> <span class='ocrx_word' id='word_1_11' title='bbox 611 158 686 184; x_wconf 84' lang='lat' dir='ltr'><strong>non</strong></span> <span class='ocrx_word' id='word_1_12' title='bbox 705 141 998 183; x_wconf 81' lang='lat' dir='ltr'><em>manducantem</em></span> <span class='ocrx_word' id='word_1_13' title='bbox 1003 170 1067 183; x_wconf 91' lang='grc'><strong>.....</strong></span> <span class='ocrx_word' id='word_1_14' title='bbox 1081 139 1314 183; x_wconf 73' lang='lat' dir='ltr'><strong>Atiercatio-</strong></span> 
     </span>
     <span class='ocr_line' id='line_1_3' title="bbox 55 203 1313 260; baseline 0 -14"><span class='ocrx_word' id='word_1_15' title='bbox 55 217 145 246; x_wconf 86' lang='lat' dir='ltr'><strong>nem</strong></span> <span class='ocrx_word' id='word_1_16' title='bbox 171 206 224 244; x_wconf 89' lang='lat' dir='ltr'><strong>sic</strong></span> <span class='ocrx_word' id='word_1_17' title='bbox 253 204 408 256; x_wconf 84' lang='lat' dir='ltr'><strong>definit,</strong></span> <span class='ocrx_word' id='word_1_18' title='bbox 434 211 472 246; x_wconf 90' lang='lat' dir='ltr'><strong>ut</strong></span> <span class='ocrx_word' id='word_1_19' title='bbox 499 219 802 259; x_wconf 89' lang='lat' dir='ltr'><strong>unumquemque</strong></span> <span class='ocrx_word' id='word_1_20' title='bbox 828 206 866 245; x_wconf 86' lang='lat' dir='ltr'><strong>in</strong></span> <span class='ocrx_word' id='word_1_21' title='bbox 886 218 950 246; x_wconf 89' lang='lat' dir='ltr'><strong>sua</strong></span> <span class='ocrx_word' id='word_1_22' title='bbox 970 205 1073 258; x_wconf 88' lang='lat' dir='ltr'><strong>praxi</strong></span> <span class='ocrx_word' id='word_1_23' title='bbox 1104 203 1313 260; x_wconf 82' lang='lat' dir='ltr'><strong>relinquat,</strong></span> 
     </span>
     <span class='ocr_line' id='line_1_4' title="bbox 56 265 880 320; baseline 0.002 -14"><span class='ocrx_word' id='word_1_24' title='bbox 56 265 260 307; x_wconf 89' lang='lat' dir='ltr'><strong>dummodo</strong></span> <span class='ocrx_word' id='word_1_25' title='bbox 279 265 492 308; x_wconf 87' lang='lat' dir='ltr'><strong>charitatem</strong></span> <span class='ocrx_word' id='word_1_26' title='bbox 510 274 548 308; x_wconf 90' lang='lat' dir='ltr'><strong>et</strong></span> <span class='ocrx_word' id='word_1_27' title='bbox 567 279 698 320; x_wconf 86' lang='lat' dir='ltr'>pacem</span> <span class='ocrx_word' id='word_1_28' title='bbox 716 273 880 308; x_wconf 89' lang='lat' dir='ltr'><strong>servent.</strong></span> 
     </span>
    </p>

    <p class='ocr_par' dir='ltr' id='par_1_3' title="bbox 54 323 1312 572">
     <span class='ocr_line' id='line_1_5' title="bbox 115 323 1306 382; baseline 0.003 -15"><span class='ocrx_word' id='word_1_29' title='bbox 115 327 193 380; x_wconf 82' lang='lat' dir='ltr'><strong>Qui</strong></span> <span class='ocrx_word' id='word_1_30' title='bbox 211 329 441 377; x_wconf 83' lang='lat' dir='ltr'><strong>manducat‚·</strong></span> <span class='ocrx_word' id='word_1_31' title='bbox 458 324 499 369; x_wconf 86' lang='lat' dir='ltr'><strong>id</strong></span> <span class='ocrx_word' id='word_1_32' title='bbox 520 335 601 378; x_wconf 82' lang='lat' dir='ltr'><strong>est,</strong></span> <span class='ocrx_word' id='word_1_33' title='bbox 623 330 653 368; x_wconf 90' lang='lat' dir='ltr'><strong>is</strong></span> <span class='ocrx_word' id='word_1_34' title='bbox 677 331 738 382; x_wconf 88' lang='lat' dir='ltr'><strong>qui</strong></span> <span class='ocrx_word' id='word_1_35' title='bbox 765 330 865 378; x_wconf 87' lang='lat' dir='ltr'><strong>juxta</strong></span> <span class='ocrx_word' id='word_1_36' title='bbox 892 328 1096 368; x_wconf 86' lang='lat' dir='ltr'><strong>libertatem</strong></span> <span class='ocrx_word' id='word_1_37' title='bbox 1112 323 1306 381; x_wconf 85' lang='lat' dir='ltr'>Evangelii</span> 
     </span>
     <span class='ocr_line' id='line_1_6' title="bbox 56 390 1312 447; baseline 0.001 -14"><span class='ocrx_word' id='word_1_38' title='bbox 56 393 277 447; x_wconf 82' lang='lat' dir='ltr'><strong>quibuslibet</strong></span> <span class='ocrx_word' id='word_1_39' title='bbox 294 395 472 444; x_wconf 84' lang='lat' dir='ltr'><strong>vescitur,</strong></span> <span class='ocrx_word' id='word_1_40' title='bbox 493 406 579 433; x_wconf 89' lang='lat' dir='ltr'><strong>eum</strong></span> <span class='ocrx_word' id='word_1_41' title='bbox 604 394 666 447; x_wconf 92' lang='lat' dir='ltr'><strong>qui</strong></span> <span class='ocrx_word' id='word_1_42' title='bbox 690 395 788 444; x_wconf 85' lang='lat' dir='ltr'><strong>juxta</strong></span> <span class='ocrx_word' id='word_1_43' title='bbox 819 392 942 445; x_wconf 86' lang='lat' dir='ltr'><strong>legem</strong></span> <span class='ocrx_word' id='word_1_44' title='bbox 973 390 1116 447; x_wconf 82' lang='lat' dir='ltr'><strong>Moysis</strong></span> <span class='ocrx_word' id='word_1_45' title='bbox 1143 392 1312 434; x_wconf 88' lang='lat' dir='ltr'><strong>cibomm</strong></span> 
     </span>
     <span class='ocr_line' id='line_1_7' title="bbox 54 453 1310 509; baseline 0 -15"><span class='ocrx_word' id='word_1_46' title='bbox 54 454 272 495; x_wconf 85' lang='lat' dir='ltr'><strong>eiectionem</strong></span> <span class='ocrx_word' id='word_1_47' title='bbox 288 461 426 505; x_wconf 82' lang='lat' dir='ltr'><strong>servat,</strong></span> <span class='ocrx_word' id='word_1_48' title='bbox 443 467 520 494; x_wconf 90' lang='lat' dir='ltr'><strong>non</strong></span> <span class='ocrx_word' id='word_1_49' title='bbox 536 460 683 509; x_wconf 87' lang='lat' dir='ltr'><strong>spernat</strong></span> <span class='ocrx_word' id='word_1_50' title='bbox 706 459 881 506; x_wconf 86' lang='lat' dir='ltr'><strong>tanquam</strong></span> <span class='ocrx_word' id='word_1_51' title='bbox 899 453 1030 494; x_wconf 91' lang='lat' dir='ltr'><strong>rudem</strong></span> <span class='ocrx_word' id='word_1_52' title='bbox 1046 483 1058 504; x_wconf 91' lang='lat'>,</span> <span class='ocrx_word' id='word_1_53' title='bbox 1077 454 1310 507; x_wconf 85' lang='lat' dir='ltr'><strong>imperitum,</strong></span> 
     </span>
     <span class='ocr_line' id='line_1_8' title="bbox 54 519 490 572; baseline 0 -14"><span class='ocrx_word' id='word_1_54' title='bbox 54 522 164 572; x_wconf 83' lang='lat' dir='ltr'><strong>atque</strong></span> <span class='ocrx_word' id='word_1_55' title='bbox 186 519 490 570; x_wconf 88' lang='lat' dir='ltr'><strong>superstitiosum.</strong></span> 
     </span>
    </p>

    <p class='ocr_par' dir='ltr' id='par_1_4' title="bbox 14 577 1315 757">
     <span class='ocr_line' id='line_1_9' title="bbox 108 577 1311 635; baseline 0.001 -15"><span class='ocrx_word' id='word_1_56' title='bbox 108 577 182 621; x_wconf 87' lang='lat' dir='ltr'><strong>Vel</strong></span> <span class='ocrx_word' id='word_1_57' title='bbox 201 593 278 620; x_wconf 91' lang='lat' dir='ltr'><strong>non</strong></span> <span class='ocrx_word' id='word_1_58' title='bbox 298 586 465 635; x_wconf 89' lang='lat' dir='ltr'><strong>spernat,</strong></span> <span class='ocrx_word' id='word_1_59' title='bbox 485 593 555 621; x_wconf 86' lang='lat' dir='ltr'><strong>nec</strong></span> <span class='ocrx_word' id='word_1_60' title='bbox 582 579 694 622; x_wconf 88' lang='lat' dir='ltr'><strong>vi&#39;en</strong></span> <span class='ocrx_word' id='word_1_61' title='bbox 715 579 820 620; x_wconf 82' lang='lat' dir='ltr'><strong>faciat</strong></span> <span class='ocrx_word' id='word_1_62' title='bbox 841 582 918 631; x_wconf 87' lang='lat' dir='ltr'><strong>ejus</strong></span> <span class='ocrx_word' id='word_1_63' title='bbox 940 582 1124 628; x_wconf 83' lang='lat' dir='ltr'><strong>animam,</strong></span> <span class='ocrx_word' id='word_1_64' title='bbox 1144 579 1311 621; x_wconf 85' lang='lat' dir='ltr'><strong>scanda-</strong></span> 
     </span>
     <span class='ocr_line' id='line_1_10' title="bbox 53 641 1315 694; baseline 0.004 -12"><span class='ocrx_word' id='word_1_65' title='bbox 53 641 129 684; x_wconf 86' lang='lat' dir='ltr'><strong>lum</strong></span> <span class='ocrx_word' id='word_1_66' title='bbox 151 643 184 681; x_wconf 91' lang='lat' dir='ltr'><strong>ei</strong></span> <span class='ocrx_word' id='word_1_67' title='bbox 211 641 351 693; x_wconf 85' lang='lat' dir='ltr'><strong>dando,</strong></span> <span class='ocrx_word' id='word_1_68' title='bbox 383 642 471 682; x_wconf 91' lang='lat' dir='ltr'><strong>dum</strong></span> <span class='ocrx_word' id='word_1_69' title='bbox 498 642 672 694; x_wconf 84' lang='lat' dir='ltr'><strong>exemplo</strong></span> <span class='ocrx_word' id='word_1_70' title='bbox 694 656 761 682; x_wconf 89' lang='lat' dir='ltr'><strong>suo</strong></span> <span class='ocrx_word' id='word_1_71' title='bbox 785 642 883 682; x_wconf 87' lang='lat' dir='ltr'><strong>iilum</strong></span> <span class='ocrx_word' id='word_1_72' title='bbox 912 642 1052 683; x_wconf 83' lang='lat' dir='ltr'><strong>inducit</strong></span> <span class='ocrx_word' id='word_1_73' title='bbox 1081 642 1127 682; x_wconf 91' lang='lat' dir='ltr'><strong>ad</strong></span> <span class='ocrx_word' id='word_1_74' title='bbox 1152 642 1315 687; x_wconf 79' lang='lat' dir='ltr'><strong>mandu-¹</strong></span> 
     </span>
     <span class='ocr_line' id='line_1_11' title="bbox 14 703 848 757; baseline 0.002 -13"><span class='ocrx_word' id='word_1_75' title='bbox 14 740 17 749; x_wconf 70' lang='grc'>,</span> <span class='ocrx_word' id='word_1_76' title='bbox 53 703 211 744; x_wconf 87' lang='lat' dir='ltr'><strong>candum</strong></span> <span class='ocrx_word' id='word_1_77' title='bbox 229 710 352 745; x_wconf 88' lang='lat' dir='ltr'><strong>contra</strong></span> <span class='ocrx_word' id='word_1_78' title='bbox 371 706 554 757; x_wconf 85' lang='lat' dir='ltr'><strong>propriam</strong></span> <span class='ocrx_word' id='word_1_79' title='bbox 573 707 848 746; x_wconf 77' lang='lat' dir='ltr'><strong>conscientiam,</strong></span> 
     </span>
    </p>

    <p class='ocr_par' dir='ltr' id='par_1_5' title="bbox 50 767 1317 1195">
     <span class='ocr_line' id='line_1_12' title="bbox 108 767 1313 823; baseline 0.003 -17"><span class='ocrx_word' id='word_1_80' title='bbox 108 767 161 806; x_wconf 82' lang='lat' dir='ltr'><strong>Et</strong></span> <span class='ocrx_word' id='word_1_81' title='bbox 177 769 242 820; x_wconf 80' lang='lat' dir='ltr'><strong>qui</strong></span> <span class='ocrx_word' id='word_1_82' title='bbox 260 783 334 808; x_wconf 84' lang='lat' dir='ltr'><strong>non</strong></span> <span class='ocrx_word' id='word_1_83' title='bbox 355 769 587 816; x_wconf 57' lang='lat' dir='ltr'><strong>manducan</strong></span> <span class='ocrx_word' id='word_1_84' title='bbox 608 768 647 808; x_wconf 86' lang='lat' dir='ltr'><strong>id</strong></span> <span class='ocrx_word' id='word_1_85' title='bbox 672 776 752 817; x_wconf 89' lang='lat' dir='ltr'><strong>est,</strong></span> <span class='ocrx_word' id='word_1_86' title='bbox 783 769 948 810; x_wconf 80' lang='lat' dir='ltr'><strong>infirmus</strong></span> <span class='ocrx_word' id='word_1_87' title='bbox 973 772 1010 811; x_wconf 91' lang='lat' dir='ltr'><strong>in</strong></span> <span class='ocrx_word' id='word_1_88' title='bbox 1035 769 1132 819; x_wconf 79' lang='lat' dir='ltr'><strong>side,</strong></span> <span class='ocrx_word' id='word_1_89' title='bbox 1163 776 1203 810; x_wconf 91' lang='lat' dir='ltr'><strong>et</strong></span> <span class='ocrx_word' id='word_1_90' title='bbox 1221 769 1313 823; x_wconf 83' lang='lat' dir='ltr'><strong>legis</strong></span> 
     </span>
     <span class='ocr_line' id='line_1_13' title="bbox 51 825 1313 879; baseline 0.002 -11"><span class='ocrx_word' id='word_1_91' title='bbox 51 825 227 869; x_wconf 72' lang='lat' dir='ltr'><strong>Mosaicae</strong></span> <span class='ocrx_word' id='word_1_92' title='bbox 243 830 369 871; x_wconf 82' lang='lat' dir='ltr'><strong>adhuc</strong></span> <span class='ocrx_word' id='word_1_93' title='bbox 391 833 428 870; x_wconf 91' lang='lat' dir='ltr'><strong>in</strong></span> <span class='ocrx_word' id='word_1_94' title='bbox 443 830 516 870; x_wconf 87' lang='lat' dir='ltr'><strong>hoc</strong></span> <span class='ocrx_word' id='word_1_95' title='bbox 536 831 753 872; x_wconf 85' lang='lat' dir='ltr'><strong>observator</strong></span> <span class='ocrx_word' id='word_1_96' title='bbox 767 860 777 879; x_wconf 88' lang='lat'>‚</span> <span class='ocrx_word' id='word_1_97' title='bbox 800 845 875 870; x_wconf 87' lang='lat' dir='ltr'><strong>non</strong></span> <span class='ocrx_word' id='word_1_98' title='bbox 902 830 1125 871; x_wconf 87' lang='lat' dir='ltr'><strong>condemnet</strong></span> <span class='ocrx_word' id='word_1_99' title='bbox 1156 830 1313 872; x_wconf 86' lang='lat' dir='ltr'><strong>mandu-</strong></span> 
     </span>
     <span class='ocr_line' id='line_1_14' title="bbox 53 890 1317 944; baseline 0.002 -14"><span class='ocrx_word' id='word_1_100' title='bbox 53 898 232 943; x_wconf 79' lang='lat' dir='ltr'><strong>cantem,</strong></span> <span class='ocrx_word' id='word_1_101' title='bbox 267 892 307 932; x_wconf 92' lang='lat' dir='ltr'><strong>id</strong></span> <span class='ocrx_word' id='word_1_102' title='bbox 335 899 416 943; x_wconf 81' lang='lat' dir='ltr'><strong>est,</strong></span> <span class='ocrx_word' id='word_1_103' title='bbox 450 894 658 944; x_wconf 88' lang='lat' dir='ltr'><strong>promiscuo</strong></span> <span class='ocrx_word' id='word_1_104' title='bbox 685 894 786 932; x_wconf 83' lang='lat' dir='ltr'><strong>victu</strong></span> <span class='ocrx_word' id='word_1_105' title='bbox 811 899 1000 939; x_wconf 90' lang='lat' dir='ltr'><strong>utentem,</strong></span> <span class='ocrx_word' id='word_1_106' title='bbox 1022 898 1194 944; x_wconf 88' lang='lat' dir='ltr'><strong>tanquam</strong></span> <span class='ocrx_word' id='word_1_107' title='bbox 1223 890 1317 944; x_wconf 81' lang='lat' dir='ltr'><strong>legis</strong></span> 
     </span>
     <span class='ocr_line' id='line_1_15' title="bbox 53 951 1309 1009; baseline 0 -15"><span class='ocrx_word' id='word_1_108' title='bbox 53 960 355 1007; x_wconf 83' lang='lat' dir='ltr'>transgressorem</span> <span class='ocrx_word' id='word_1_109' title='bbox 373 971 382 994; x_wconf 72' lang='grc' dir='ltr'>ε</span> <span class='ocrx_word' id='word_1_110' title='bbox 399 956 497 994; x_wconf 82' lang='lat' dir='ltr'><strong>Deus</strong></span> <span class='ocrx_word' id='word_1_111' title='bbox 515 955 613 994; x_wconf 84' lang='lat' dir='ltr'><strong>enim</strong></span> <span class='ocrx_word' id='word_1_112' title='bbox 627 957 831 1009; x_wconf 54' lang='lat' dir='ltr'><strong>assumpsi(</strong></span> <span class='ocrx_word' id='word_1_113' title='bbox 843 955 963 994; x_wconf 77' lang='lat' dir='ltr'><strong>illum.</strong></span> <span class='ocrx_word' id='word_1_114' title='bbox 978 951 1179 995; x_wconf 86' lang='lat' dir='ltr'><strong>Rationem</strong></span> <span class='ocrx_word' id='word_1_115' title='bbox 1193 957 1309 1009; x_wconf 84' lang='lat' dir='ltr'><strong>assig-</strong></span> 
     </span>
     <span class='ocr_line' id='line_1_16' title="bbox 50 1014 1310 1070; baseline 0.002 -14"><span class='ocrx_word' id='word_1_116' title='bbox 50 1014 134 1067; x_wconf 75' lang='lat' dir='ltr'><strong>nat,</strong></span> <span class='ocrx_word' id='word_1_117' title='bbox 157 1018 206 1057; x_wconf 92' lang='lat' dir='ltr'><strong>ob</strong></span> <span class='ocrx_word' id='word_1_118' title='bbox 223 1031 331 1069; x_wconf 85' lang='lat' dir='ltr'><strong>quam</strong></span> <span class='ocrx_word' id='word_1_119' title='bbox 359 1031 437 1058; x_wconf 91' lang='lat' dir='ltr'><strong>non</strong></span> <span class='ocrx_word' id='word_1_120' title='bbox 455 1016 590 1058; x_wconf 86' lang='lat' dir='ltr'><strong>debeat</strong></span> <span class='ocrx_word' id='word_1_121' title='bbox 611 1019 694 1070; x_wconf 91' lang='lat' dir='ltr'><strong>quis</strong></span> <span class='ocrx_word' id='word_1_122' title='bbox 718 1016 864 1057; x_wconf 84' lang='lat' dir='ltr'><strong>fratrem</strong></span> <span class='ocrx_word' id='word_1_123' title='bbox 882 1030 988 1056; x_wconf 83' lang='lat' dir='ltr'><strong>suum</strong></span> <span class='ocrx_word' id='word_1_124' title='bbox 1013 1016 1195 1067; x_wconf 84' lang='lat' dir='ltr'><strong>judicare;</strong></span> <span class='ocrx_word' id='word_1_125' title='bbox 1225 1019 1310 1070; x_wconf 84' lang='lat' dir='ltr'><strong>quia</strong></span> 
     </span>
     <span class='ocr_line' id='line_1_17' title="bbox 50 1077 1311 1132; baseline 0.002 -13"><span class='ocrx_word' id='word_1_126' title='bbox 50 1079 189 1120; x_wconf 85' lang='lat' dir='ltr'><strong>scilicet</strong></span> <span class='ocrx_word' id='word_1_127' title='bbox 205 1077 308 1120; x_wconf 88' lang='lat' dir='ltr'><strong>Deus</strong></span> <span class='ocrx_word' id='word_1_128' title='bbox 324 1079 447 1120; x_wconf 82' lang='lat' dir='ltr'><strong>iilum</strong></span> <span class='ocrx_word' id='word_1_129' title='bbox 438 1094 474 1119; x_wconf 89' lang='lat' dir='ltr'><strong>m</strong></span> <span class='ocrx_word' id='word_1_130' title='bbox 496 1093 645 1120; x_wconf 89' lang='lat' dir='ltr'><strong>servum</strong></span> <span class='ocrx_word' id='word_1_131' title='bbox 663 1086 699 1120; x_wconf 83' lang='lat' dir='ltr'><strong>et</strong></span> <span class='ocrx_word' id='word_1_132' title='bbox 713 1079 890 1120; x_wconf 89' lang='lat' dir='ltr'><strong>cultorem</strong></span> <span class='ocrx_word' id='word_1_133' title='bbox 905 1093 1011 1120; x_wconf 87' lang='lat' dir='ltr'><strong>suum</strong></span> <span class='ocrx_word' id='word_1_134' title='bbox 1027 1082 1253 1132; x_wconf 73' lang='lat' dir='ltr'><strong>assumpsit,</strong></span> <span class='ocrx_word' id='word_1_135' title='bbox 1272 1086 1311 1122; x_wconf 80' lang='lat' dir='ltr'><strong>et</strong></span> 
     </span>
     <span class='ocr_line' id='line_1_18' title="bbox 50 1143 668 1195; baseline 0 -13"><span class='ocrx_word' id='word_1_136' title='bbox 50 1148 319 1194; x_wconf 83' lang='lat' dir='ltr'><strong>consequenter</strong></span> <span class='ocrx_word' id='word_1_137' title='bbox 328 1143 375 1182; x_wconf 90' lang='lat' dir='ltr'><strong>ad</strong></span> <span class='ocrx_word' id='word_1_138' title='bbox 395 1157 480 1183; x_wconf 88' lang='lat' dir='ltr'><strong>eum</strong></span> <span class='ocrx_word' id='word_1_139' title='bbox 497 1146 668 1195; x_wconf 88' lang='lat' dir='ltr'><strong>pertinet.</strong></span> 
     </span>
    </p>

    <p class='ocr_par' dir='ltr' id='par_1_6' title="bbox 50 1187 1307 1317">
     <span class='ocr_line' id='line_1_19' title="bbox 107 1187 1307 1260; baseline 0.003 -16"><span class='ocrx_word' id='word_1_140' title='bbox 107 1201 202 1254; x_wconf 90' lang='lat' dir='ltr'><strong>Quis</strong></span> <span class='ocrx_word' id='word_1_141' title='bbox 220 1219 306 1257; x_wconf 86' lang='lat' dir='ltr'><strong>ergo</strong></span> <span class='ocrx_word' id='word_1_142' title='bbox 323 1206 457 1257; x_wconf 82' lang='lat' dir='ltr'><strong>judicet</strong></span> <span class='ocrx_word' id='word_1_143' title='bbox 481 1220 566 1246; x_wconf 90' lang='lat' dir='ltr'><strong>eum</strong></span> <span class='ocrx_word' id='word_1_144' title='bbox 580 1235 591 1255; x_wconf 87' lang='lat'>,</span> <span class='ocrx_word' id='word_1_145' title='bbox 613 1219 724 1259; x_wconf 87' lang='lat' dir='ltr'><strong>quem</strong></span> <span class='ocrx_word' id='word_1_146' title='bbox 742 1202 854 1246; x_wconf 83' lang='lat' dir='ltr'><strong>Deus</strong></span> <span class='ocrx_word' id='word_1_147' title='bbox 871 1221 977 1247; x_wconf 87' lang='lat' dir='ltr'><strong>suum</strong></span> <span class='ocrx_word' id='word_1_148' title='bbox 994 1207 1138 1260; x_wconf 79' lang='lat' dir='ltr'><strong>publice</strong></span> <span class='ocrx_word' id='word_1_149' title='bbox 1155 1187 1307 1249; x_wconf 82' lang='lat' dir='ltr'><strong>assumit</strong></span> 
     </span>
     <span class='ocr_line' id='line_1_20' title="bbox 50 1266 271 1317; baseline 0.005 -11"><span class='ocrx_word' id='word_1_150' title='bbox 50 1271 89 1306; x_wconf 90' lang='lat' dir='ltr'><strong>et</strong></span> <span class='ocrx_word' id='word_1_151' title='bbox 109 1266 262 1317; x_wconf 86' lang='lat' dir='ltr'><strong>probat.</strong></span> <span class='ocrx_word' id='word_1_152' title='bbox 254 1267 271 1295; x_wconf 78' lang='lat'><strong>&#39;¹‘</strong></span> 
     </span>
    </p>

    <p class='ocr_par' dir='ltr' id='par_1_7' title="bbox 49 1322 1306 1507">
     <span class='ocr_line' id='line_1_21' title="bbox 105 1322 1306 1382; baseline 0.002 -14"><span class='ocrx_word' id='word_1_153' title='bbox 105 1322 151 1369; x_wconf 65' lang='grc' dir='ltr'><strong>Ῠ.</strong></span> <span class='ocrx_word' id='word_1_154' title='bbox 167 1328 205 1378; x_wconf 94' lang='grc'><strong>4.</strong></span> <span class='ocrx_word' id='word_1_155' title='bbox 225 1328 280 1368; x_wconf 85' lang='lat' dir='ltr'><strong>Tu</strong></span> <span class='ocrx_word' id='word_1_156' title='bbox 294 1330 375 1381; x_wconf 73' lang='lat' dir='ltr'><strong>quis</strong></span> <span class='ocrx_word' id='word_1_157' title='bbox 393 1344 431 1369; x_wconf 85' lang='lat' dir='ltr'><strong>es</strong></span> <span class='ocrx_word' id='word_1_158' title='bbox 446 1358 459 1377; x_wconf 90' lang='lat'><em>‚</em></span> <span class='ocrx_word' id='word_1_159' title='bbox 483 1344 545 1382; x_wconf 76' lang='lat' dir='ltr'><strong>quc</strong></span> <span class='ocrx_word' id='word_1_160' title='bbox 538 1325 711 1381; x_wconf 76' lang='lat' dir='ltr'><strong>&#39;judicas</strong></span> <span class='ocrx_word' id='word_1_161' title='bbox 730 1329 895 1368; x_wconf 78' lang='lat' dir='ltr'><strong>alienum</strong></span> <span class='ocrx_word' id='word_1_162' title='bbox 917 1329 1088 1368; x_wconf 76' lang='lat' dir='ltr'><strong>scr-oum?</strong></span> <span class='ocrx_word' id='word_1_163' title='bbox 1109 1326 1226 1380; x_wconf 82' lang='lat' dir='ltr'><strong>Urget</strong></span> <span class='ocrx_word' id='word_1_164' title='bbox 1243 1329 1306 1370; x_wconf 85' lang='lat' dir='ltr'><strong>al-</strong></span> 
     </span>
     <span class='ocr_line' id='line_1_22' title="bbox 49 1390 1306 1445; baseline 0.002 -13"><span class='ocrx_word' id='word_1_165' title='bbox 49 1390 157 1432; x_wconf 81' lang='lat' dir='ltr'><strong>latam</strong></span> <span class='ocrx_word' id='word_1_166' title='bbox 170 1395 349 1434; x_wconf 90' lang='lat' dir='ltr'><strong>rationem</strong></span> <span class='ocrx_word' id='word_1_167' title='bbox 363 1423 372 1441; x_wconf 90' lang='lat'>‚</span> <span class='ocrx_word' id='word_1_168' title='bbox 393 1394 441 1433; x_wconf 93' lang='lat' dir='ltr'><strong>ob</strong></span> <span class='ocrx_word' id='word_1_169' title='bbox 460 1406 569 1445; x_wconf 89' lang='lat' dir='ltr'><strong>quam</strong></span> <span class='ocrx_word' id='word_1_170' title='bbox 582 1392 629 1432; x_wconf 92' lang='lat' dir='ltr'><strong>de</strong></span> <span class='ocrx_word' id='word_1_171' title='bbox 649 1391 758 1433; x_wconf 78' lang='lat' dir='ltr'><strong>fratre</strong></span> <span class='ocrx_word' id='word_1_172' title='bbox 775 1400 901 1433; x_wconf 90' lang='lat' dir='ltr'><strong>nostro</strong></span> <span class='ocrx_word' id='word_1_173' title='bbox 919 1393 1078 1442; x_wconf 83' lang='lat' dir='ltr'><strong>judicare</strong></span> <span class='ocrx_word' id='word_1_174' title='bbox 1096 1407 1172 1434; x_wconf 89' lang='lat' dir='ltr'><strong>non</strong></span> <span class='ocrx_word' id='word_1_175' title='bbox 1187 1395 1306 1436; x_wconf 90' lang='lat' dir='ltr'><strong>debe-</strong></span> 
     </span>
     <span class='ocr_line' id='line_1_23' title="bbox 49 1454 984 1507; baseline 0.005 -14"><span class='ocrx_word' id='word_1_176' title='bbox 49 1467 130 1494; x_wconf 90' lang='lat' dir='ltr'><strong>mus</strong></span> <span class='ocrx_word' id='word_1_177' title='bbox 142 1483 154 1503; x_wconf 86' lang='lat'>,</span> <span class='ocrx_word' id='word_1_178' title='bbox 172 1454 307 1495; x_wconf 83' lang='lat' dir='ltr'><strong>scilicet</strong></span> <span class='ocrx_word' id='word_1_179' title='bbox 324 1455 423 1507; x_wconf 68' lang='lat' dir='ltr'><strong>quod</strong></span> <span class='ocrx_word' id='word_1_180' title='bbox 440 1457 687 1496; x_wconf 86' lang='lat' dir='ltr'><strong>auctoritatem</strong></span> <span class='ocrx_word' id='word_1_181' title='bbox 700 1469 776 1495; x_wconf 90' lang='lat' dir='ltr'><strong>non</strong></span> <span class='ocrx_word' id='word_1_182' title='bbox 789 1454 984 1499; x_wconf 73' lang='lat' dir='ltr'><strong>babemus-</strong></span> 
     </span>
    </p>

    <p class='ocr_par' dir='ltr' id='par_1_8' title="bbox 50 1515 1305 1633">
     <span class='ocr_line' id='line_1_24' title="bbox 111 1515 1303 1571; baseline 0.006 -18"><span class='ocrx_word' id='word_1_183' title='bbox 111 1515 166 1554; x_wconf 86' lang='grc' dir='ltr'><strong>Τιι</strong></span> <span class='ocrx_word' id='word_1_184' title='bbox 178 1544 190 1563; x_wconf 89' lang='grc'><strong><em>,</em></strong></span> <span class='ocrx_word' id='word_1_185' title='bbox 213 1517 274 1568; x_wconf 90' lang='lat' dir='ltr'><strong>qui</strong></span> <span class='ocrx_word' id='word_1_186' title='bbox 289 1530 367 1556; x_wconf 87' lang='lat' dir='ltr'><strong>non</strong></span> <span class='ocrx_word' id='word_1_187' title='bbox 384 1516 593 1565; x_wconf 75' lang='lat' dir='ltr'><strong>manducas,</strong></span> <span class='ocrx_word' id='word_1_188' title='bbox 608 1523 645 1556; x_wconf 85' lang='lat' dir='ltr'><strong>et</strong></span> <span class='ocrx_word' id='word_1_189' title='bbox 660 1517 941 1558; x_wconf 72' lang='lat' dir='ltr'><strong>manducantem</strong></span> <span class='ocrx_word' id='word_1_190' title='bbox 957 1517 1109 1571; x_wconf 86' lang='lat' dir='ltr'><strong>judicas,</strong></span> <span class='ocrx_word' id='word_1_191' title='bbox 1129 1519 1211 1571; x_wconf 77' lang='lat' dir='ltr'><strong>quis</strong></span> <span class='ocrx_word' id='word_1_192' title='bbox 1226 1518 1303 1560; x_wconf 79' lang='lat' dir='ltr'><strong>es?.</strong></span> 
     </span>
     <span class='ocr_line' id='line_1_25' title="bbox 50 1573 1305 1633; baseline 0.004 -16"><span class='ocrx_word' id='word_1_193' title='bbox 50 1578 151 1628; x_wconf 87' lang='lat' dir='ltr'><strong>cujus</strong></span> <span class='ocrx_word' id='word_1_194' title='bbox 163 1573 414 1618; x_wconf 79' lang='lat' dir='ltr'><strong>auctoritatis?</strong></span> <span class='ocrx_word' id='word_1_195' title='bbox 432 1592 507 1618; x_wconf 90' lang='lat' dir='ltr'><strong>non</strong></span> <span class='ocrx_word' id='word_1_196' title='bbox 526 1585 627 1618; x_wconf 90' lang='lat' dir='ltr'><strong>tuum</strong></span> <span class='ocrx_word' id='word_1_197' title='bbox 651 1586 706 1619; x_wconf 87' lang='lat' dir='ltr'><strong>est</strong></span> <span class='ocrx_word' id='word_1_198' title='bbox 720 1580 879 1630; x_wconf 87' lang='lat' dir='ltr'><strong>judicare</strong></span> <span class='ocrx_word' id='word_1_199' title='bbox 900 1580 1181 1622; x_wconf 87' lang='lat' dir='ltr'><strong>manducantem</strong></span> <span class='ocrx_word' id='word_1_200' title='bbox 1195 1612 1206 1633; x_wconf 90' lang='lat'>,</span> <span class='ocrx_word' id='word_1_201' title='bbox 1224 1584 1305 1622; x_wconf 83' lang='lat' dir='ltr'><strong>sive</strong></span> 
     </span>
    </p>

    <p class='ocr_par' dir='ltr' id='par_1_9' title="bbox 48 1639 894 1694">
     <span class='ocr_line' id='line_1_26' title="bbox 48 1639 894 1694; baseline 0.004 -14"><span class='ocrx_word' id='word_1_202' title='bbox 48 1639 147 1680; x_wconf 88' lang='lat' dir='ltr'><strong>bene</strong></span> <span class='ocrx_word' id='word_1_203' title='bbox 160 1668 171 1687; x_wconf 82' lang='lat'>‚</span> <span class='ocrx_word' id='word_1_204' title='bbox 190 1640 269 1678; x_wconf 88' lang='lat' dir='ltr'><strong>sive</strong></span> <span class='ocrx_word' id='word_1_205' title='bbox 284 1639 377 1678; x_wconf 79' lang='lat' dir='ltr'><strong>male</strong></span> <span class='ocrx_word' id='word_1_206' title='bbox 399 1646 477 1691; x_wconf 84' lang='lat' dir='ltr'><strong>agat</strong></span> <span class='ocrx_word' id='word_1_207' title='bbox 495 1669 504 1688; x_wconf 87' lang='lat'>‚</span> <span class='ocrx_word' id='word_1_208' title='bbox 519 1654 589 1680; x_wconf 90' lang='lat' dir='ltr'><strong>nec</strong></span> <span class='ocrx_word' id='word_1_209' title='bbox 605 1640 653 1680; x_wconf 90' lang='lat' dir='ltr'><strong>ad</strong></span> <span class='ocrx_word' id='word_1_210' title='bbox 670 1647 707 1682; x_wconf 90' lang='lat' dir='ltr'><strong>te</strong></span> <span class='ocrx_word' id='word_1_211' title='bbox 724 1644 894 1694; x_wconf 87' lang='lat' dir='ltr'><strong>pertinet.</strong></span> 
     </span>
    </p>

    <p class='ocr_par' dir='ltr' id='par_1_10' title="bbox 8 1701 1309 1930">
     <span class='ocr_line' id='line_1_27' title="bbox 8 1701 1309 1755; baseline 0.006 -16"><span class='ocrx_word' id='word_1_212' title='bbox 8 1705 13 1708; x_wconf 80' lang='lat'>&#39;</span> <span class='ocrx_word' id='word_1_213' title='bbox 106 1701 268 1743; x_wconf 79' lang='lat' dir='ltr'><strong>Domino</strong></span> <span class='ocrx_word' id='word_1_214' title='bbox 281 1716 346 1740; x_wconf 86' lang='lat' dir='ltr'><strong>suo</strong></span> <span class='ocrx_word' id='word_1_215' title='bbox 363 1708 454 1750; x_wconf 79' lang='lat' dir='ltr'><strong>slot,</strong></span> <span class='ocrx_word' id='word_1_216' title='bbox 474 1709 543 1741; x_wconf 81' lang='lat' dir='ltr'><strong>out</strong></span> <span class='ocrx_word' id='word_1_217' title='bbox 561 1703 687 1750; x_wconf 77' lang='lat' dir='ltr'><strong>cudit,-</strong></span> <span class='ocrx_word' id='word_1_218' title='bbox 706 1703 742 1742; x_wconf 90' lang='lat' dir='ltr'><strong>id</strong></span> <span class='ocrx_word' id='word_1_219' title='bbox 757 1710 838 1755; x_wconf 83' lang='lat' dir='ltr'><strong>est,</strong></span> <span class='ocrx_word' id='word_1_220' title='bbox 859 1702 1060 1745; x_wconf 89' lang='lat' dir='ltr'><strong>Dominum</strong></span> <span class='ocrx_word' id='word_1_221' title='bbox 1075 1719 1118 1746; x_wconf 90' lang='lat' dir='ltr'><strong>ac</strong></span> <span class='ocrx_word' id='word_1_222' title='bbox 1135 1704 1309 1747; x_wconf 89' lang='lat' dir='ltr'><strong>Judicem</strong></span> 
     </span>
     <span class='ocr_line' id='line_1_28' title="bbox 49 1762 1306 1820; baseline 0.004 -16"><span class='ocrx_word' id='word_1_223' title='bbox 49 1777 155 1804; x_wconf 88' lang='lat' dir='ltr'><strong>suum</strong></span> <span class='ocrx_word' id='word_1_224' title='bbox 169 1763 301 1813; x_wconf 83' lang='lat' dir='ltr'><strong>habet,</strong></span> <span class='ocrx_word' id='word_1_225' title='bbox 326 1762 451 1805; x_wconf 88' lang='lat' dir='ltr'><strong>Deum</strong></span> <span class='ocrx_word' id='word_1_226' title='bbox 473 1765 635 1811; x_wconf 74' lang='lat' dir='ltr'><strong>scilicet.</strong></span> <span class='ocrx_word' id='word_1_227' title='bbox 657 1768 678 1806; x_wconf 78' lang='lat' dir='ltr'><strong>a</strong></span> <span class='ocrx_word' id='word_1_228' title='bbox 696 1780 770 1820; x_wconf 89' lang='lat' dir='ltr'><strong>quo</strong></span> <span class='ocrx_word' id='word_1_229' title='bbox 794 1767 852 1808; x_wconf 83' lang='lat' dir='ltr'><strong>vei</strong></span> <span class='ocrx_word' id='word_1_230' title='bbox 870 1768 1078 1808; x_wconf 86' lang='lat' dir='ltr'><strong>absolvatur</strong></span> <span class='ocrx_word' id='word_1_231' title='bbox 1093 1798 1104 1817; x_wconf 83' lang='lat'>‚</span> <span class='ocrx_word' id='word_1_232' title='bbox 1127 1769 1187 1808; x_wconf 80' lang='lat' dir='ltr'><strong>vel</strong></span> <span class='ocrx_word' id='word_1_233' title='bbox 1206 1783 1306 1810; x_wconf 91' lang='lat' dir='ltr'><strong>con-</strong></span> 
     </span>
     <span class='ocr_line' id='line_1_29' title="bbox 49 1823 1304 1882; baseline 0.006 -17"><span class='ocrx_word' id='word_1_234' title='bbox 49 1825 264 1873; x_wconf 88' lang='lat' dir='ltr'><strong>demnetur;</strong></span> <span class='ocrx_word' id='word_1_235' title='bbox 285 1840 349 1866; x_wconf 89' lang='lat' dir='ltr'><strong>seu</strong></span> <span class='ocrx_word' id='word_1_236' title='bbox 378 1823 532 1867; x_wconf 89' lang='lat' dir='ltr'><strong>Domini</strong></span> <span class='ocrx_word' id='word_1_237' title='bbox 562 1827 720 1878; x_wconf 80' lang='lat' dir='ltr'><strong>judicio,</strong></span> <span class='ocrx_word' id='word_1_238' title='bbox 753 1835 814 1869; x_wconf 85' lang='lat' dir='ltr'><strong>aut</strong></span> <span class='ocrx_word' id='word_1_239' title='bbox 845 1841 911 1882; x_wconf 90' lang='lat' dir='ltr'><strong>pro</strong></span> <span class='ocrx_word' id='word_1_240' title='bbox 941 1842 1004 1879; x_wconf 90' lang='lat' dir='ltr'><strong>se,</strong></span> <span class='ocrx_word' id='word_1_241' title='bbox 1027 1834 1090 1869; x_wconf 88' lang='lat' dir='ltr'><strong>aut</strong></span> <span class='ocrx_word' id='word_1_242' title='bbox 1118 1838 1241 1871; x_wconf 90' lang='lat' dir='ltr'><strong>contra</strong></span> <span class='ocrx_word' id='word_1_243' title='bbox 1261 1846 1304 1874; x_wconf 83' lang='lat' dir='ltr'><strong>se</strong></span> 
     </span>
     <span class='ocr_line' id='line_1_30' title="bbox 48 1889 388 1930; baseline 0 0"><span class='ocrx_word' id='word_1_244' title='bbox 48 1891 267 1930; x_wconf 84' lang='lat' dir='ltr'><strong>sententiam</strong></span> <span class='ocrx_word' id='word_1_245' title='bbox 284 1889 388 1930; x_wconf 82' lang='lat' dir='ltr'><strong>seret.</strong></span> 
     </span>
    </p>

    <p class='ocr_par' dir='ltr' id='par_1_11' title="bbox 49 1945 1303 2052">
     <span class='ocr_line' id='line_1_31' title="bbox 102 1945 1303 2006; baseline 0.008 -20"><span class='ocrx_word' id='word_1_246' title='bbox 102 1945 210 1999; x_wconf 76' lang='lat' dir='ltr'><strong>Stat,</strong></span> <span class='ocrx_word' id='word_1_247' title='bbox 233 1952 293 2004; x_wconf 88' lang='lat' dir='ltr'><strong>qui</strong></span> <span class='ocrx_word' id='word_1_248' title='bbox 318 1951 357 1991; x_wconf 88' lang='lat' dir='ltr'><strong>in</strong></span> <span class='ocrx_word' id='word_1_249' title='bbox 381 1963 483 1991; x_wconf 89' lang='lat' dir='ltr'><strong>causa</strong></span> <span class='ocrx_word' id='word_1_250' title='bbox 503 1951 623 1991; x_wconf 88' lang='lat' dir='ltr'><strong>victor</strong></span> <span class='ocrx_word' id='word_1_251' title='bbox 651 1958 706 1992; x_wconf 87' lang='lat' dir='ltr'><strong>est</strong></span> <span class='ocrx_word' id='word_1_252' title='bbox 719 1967 730 1999; x_wconf 73' lang='lat' dir='ltr'>i</span> <span class='ocrx_word' id='word_1_253' title='bbox 751 1953 876 1999; x_wconf 75' lang='lat' dir='ltr'><strong>cadit,</strong></span> <span class='ocrx_word' id='word_1_254' title='bbox 905 1955 965 2006; x_wconf 94' lang='lat' dir='ltr'><strong>qui</strong></span> <span class='ocrx_word' id='word_1_255' title='bbox 985 1952 1158 2005; x_wconf 86' lang='lat' dir='ltr'><strong>judicium</strong></span> <span class='ocrx_word' id='word_1_256' title='bbox 1178 1962 1303 1996; x_wconf 84' lang='lat' dir='ltr'><strong>contra</strong></span> 
     </span>
     <span class='ocr_line' id='line_1_32' title="bbox 49 2011 231 2052; baseline 0.005 -1"><span class='ocrx_word' id='word_1_257' title='bbox 49 2023 89 2051; x_wconf 87' lang='lat' dir='ltr'><strong>se</strong></span> <span class='ocrx_word' id='word_1_258' title='bbox 106 2011 231 2052; x_wconf 82' lang='lat' dir='ltr'><strong>refert.</strong></span> 
     </span>
    </p>

    <p class='ocr_par' dir='ltr' id='par_1_12' title="bbox 16 2069 1305 2302">
     <span class='ocr_line' id='line_1_33' title="bbox 102 2069 1305 2128; baseline 0.012 -20"><span class='ocrx_word' id='word_1_259' title='bbox 102 2069 229 2113; x_wconf 83' lang='lat' dir='ltr'><strong>Stabit</strong></span> <span class='ocrx_word' id='word_1_260' title='bbox 247 2082 403 2122; x_wconf 82' lang='lat' dir='ltr'><strong>autem,·</strong></span> <span class='ocrx_word' id='word_1_261' title='bbox 424 2074 461 2115; x_wconf 92' lang='lat' dir='ltr'><strong>id</strong></span> <span class='ocrx_word' id='word_1_262' title='bbox 487 2082 566 2127; x_wconf 87' lang='lat' dir='ltr'><strong>est,</strong></span> <span class='ocrx_word' id='word_1_263' title='bbox 601 2074 706 2117; x_wconf 63' lang='lat' dir='ltr'><strong>causa</strong></span> <span class='ocrx_word' id='word_1_264' title='bbox 734 2091 811 2118; x_wconf 88' lang='lat' dir='ltr'><strong>non</strong></span> <span class='ocrx_word' id='word_1_265' title='bbox 830 2078 956 2128; x_wconf 86' lang='lat' dir='ltr'><strong>cadet,</strong></span> <span class='ocrx_word' id='word_1_266' title='bbox 975 2092 1051 2119; x_wconf 89' lang='lat' dir='ltr'><strong>non</strong></span> <span class='ocrx_word' id='word_1_267' title='bbox 1071 2081 1305 2123; x_wconf 86' lang='lat' dir='ltr'><strong>condemna-</strong></span> 
     </span>
     <span class='ocr_line' id='line_1_34' title="bbox 47 2133 1305 2197; baseline 0.01 -24"><span class='ocrx_word' id='word_1_268' title='bbox 47 2133 165 2183; x_wconf 85' lang='lat' dir='ltr'><strong>bitur,</strong></span> <span class='ocrx_word' id='word_1_269' title='bbox 193 2138 274 2189; x_wconf 87' lang='lat' dir='ltr'><strong>quia</strong></span> <span class='ocrx_word' id='word_1_270' title='bbox 309 2133 421 2177; x_wconf 85' lang='lat' dir='ltr'><strong>Deus</strong></span> <span class='ocrx_word' id='word_1_271' title='bbox 454 2145 578 2190; x_wconf 89' lang='lat' dir='ltr'><strong>potest</strong></span> <span class='ocrx_word' id='word_1_272' title='bbox 602 2137 750 2180; x_wconf 79' lang='lat' dir='ltr'><strong>efficere</strong></span> <span class='ocrx_word' id='word_1_273' title='bbox 779 2147 818 2181; x_wconf 91' lang='lat' dir='ltr'><strong>ut</strong></span> <span class='ocrx_word' id='word_1_274' title='bbox 845 2147 930 2181; x_wconf 88' lang='lat' dir='ltr'><strong>stet.</strong></span> <span class='ocrx_word' id='word_1_275' title='bbox 963 2137 1072 2183; x_wconf 85' lang='lat' dir='ltr'><strong>Idem</strong></span> <span class='ocrx_word' id='word_1_276' title='bbox 1106 2140 1210 2184; x_wconf 87' lang='lat' dir='ltr'><strong>Deus</strong></span> <span class='ocrx_word' id='word_1_277' title='bbox 1243 2146 1305 2197; x_wconf 85' lang='lat' dir='ltr'><strong>qui</strong></span> 
     </span>
     <span class='ocr_line' id='line_1_35' title="bbox 48 2196 1303 2260; baseline 0.01 -25"><span class='ocrx_word' id='word_1_278' title='bbox 48 2196 152 2236; x_wconf 88' lang='lat' dir='ltr'><strong>cibos</strong></span> <span class='ocrx_word' id='word_1_279' title='bbox 169 2200 312 2240; x_wconf 88' lang='lat' dir='ltr'><strong>vetuit</strong></span> <span class='ocrx_word' id='word_1_280' title='bbox 302 2214 341 2241; x_wconf 87' lang='lat' dir='ltr'><strong>m</strong></span> <span class='ocrx_word' id='word_1_281' title='bbox 360 2199 442 2253; x_wconf 81' lang='lat' dir='ltr'><strong>lege</strong></span> <span class='ocrx_word' id='word_1_282' title='bbox 462 2198 625 2243; x_wconf 85' lang='lat' dir='ltr'><strong>Mosaica</strong></span> <span class='ocrx_word' id='word_1_283' title='bbox 639 2231 651 2253; x_wconf 92' lang='lat'>,</span> <span class='ocrx_word' id='word_1_284' title='bbox 672 2204 790 2254; x_wconf 80' lang='lat' dir='ltr'><strong>potuit</strong></span> <span class='ocrx_word' id='word_1_285' title='bbox 813 2202 920 2244; x_wconf 84' lang='lat' dir='ltr'><strong>ilios</strong></span> <span class='ocrx_word' id='word_1_286' title='bbox 911 2216 948 2244; x_wconf 80' lang='lat' dir='ltr'><strong>in</strong></span> <span class='ocrx_word' id='word_1_287' title='bbox 977 2201 1182 2258; x_wconf 82' lang='lat' dir='ltr'><strong>Evangelio</strong></span> <span class='ocrx_word' id='word_1_288' title='bbox 1208 2220 1303 2260; x_wconf 81' lang='lat' dir='ltr'><strong>per-</strong></span> 
     </span>
     <span class='ocr_line' id='line_1_36' title="bbox 16 2260 209 2302; baseline 0.011 -2"><span class='ocrx_word' id='word_1_289' title='bbox 16 2296 19 2300; x_wconf 71' lang='lat'>,</span> <span class='ocrx_word' id='word_1_290' title='bbox 48 2260 209 2302; x_wconf 84' lang='lat' dir='ltr'><strong>mittere.</strong></span> 
     </span>
    </p>
   </div>
   <div class='ocr_carea' id='block_1_3' title="bbox 180 2390 1151 2433">
    <p class='ocr_par' dir='ltr' id='par_1_13' title="bbox 180 2390 1151 2433">
     <span class='ocr_line' id='line_1_37' title="bbox 180 2390 1151 2433; baseline -0.006 -8"><span class='ocrx_word' id='word_1_291' title='bbox 180 2396 210 2425; x_wconf 86' lang='lat'><strong>1.</strong></span> <span class='ocrx_word' id='word_1_292' title='bbox 1101 2390 1151 2433; x_wconf 73' lang='lat'><strong>16</strong></span> 
     </span>
    </p>
   </div>
  </div>
 </body>
</html>
