1410 2554
116 50 174 102 44
472 65 681 97 >ms-rom:
699 55 766 98 'nn
794 68 1006 102 nonnos

164 119 221 172 Υ.
241 137 280 178 9.
300 123 509 165 Tribulatio
518 134 555 166 et
574 129 804 179 angustia...
821 131 949 184 supple
963 160 974 180 ,
990 134 1012 172 ὲ
1027 129 1114 174 Deo
1134 136 1373 188 retribuetur,

54 223 58 226 .
107 186 243 230 Judaeo
269 189 456 240 primicm,
489 192 550 242 qui
579 191 659 243 plus
674 195 811 246 recepit
827 196 970 246 gratiae,
989 202 1028 236 et
1048 197 1274 241 voluntatem
1298 199 1373 242 Det
1404 197 1406 202 ¹

107 251 231 291 clarius
243 253 350 292 novit
366 267 415 293 ex
433 252 538 305 lege3
563 261 599 294 et
616 254 700 295 ideo
716 257 831 308 magis
852 270 956 306 reus,
978 259 1008 297 si
1031 258 1165 299 malum
1191 269 1376 313 operetur.

162 311 221 367 Υ.
247 329 309 355 10.
331 315 461 355 Gloria
470 322 596 354 autem
606 323 642 354 et
656 316 826 357 bonon...
839 317 976 358 scilicet
993 320 1216 362 retribuetur
1235 321 1373 364 Judoeo

105 378 271 430 primum
281 407 294 426 ‚
317 381 346 419 si
367 379 504 419 divinae
521 381 643 431 gratiae
660 379 892 432 responderit
909 411 920 431 ,
939 388 976 423 et
995 382 1096 432 juxta
1112 382 1208 424 hanc
1223 388 1376 438 gratiam

110 440 143 479 ei
157 441 314 480 oblatam
330 441 428 494 plura
439 443 536 481 bona
558 455 669 494 opera
686 442 812 483 fecerit
825 473 836 494 ‚
859 447 968 497 quam
987 442 1158 486 Gentilis.
1173 444 1249 487 Per
1269 445 1374 489 Grae·

108 517 192 543 cum
211 503 272 543 hic
286 503 445 556 intellige
457 534 469 555 ‚
487 518 562 544 non
580 504 763 545 idolorum
782 505 982 556 cultorem,
1007 507 1074 551 sed
1097 506 1285 549 Gentilem
1302 507 1374 550 Dei

106 565 282 607 cultorem
294 596 305 615 ,
330 573 470 607 naturae
489 567 558 619 legi
575 574 764 619 parentem
778 597 789 616 ,
815 567 928 619 qualis
939 567 1006 608 suit
1021 565 1100 608 Joh
1112 598 1122 615 ,
1149 570 1276 622 quales
1294 569 1374 612 Νἰ-κ

105 630 260 670 nivitae:
282 631 329 670 ita
350 625 407 670 D.
431 627 563 683 Chrys.
584 628 621 670 T
624 629 798 684 heophyl.
814 659 826 680 ‚
845 637 914 671 etc.
1384 655 1401 670 .

165 692 222 745 Y.
243 710 259 734 1
270 710 306 734 1.
321 694 411 735 Non
433 697 533 733 enim
553 701 608 733 cst
625 696 792 745 acceptio
797 725 890 735 .......
907 692 992 748 Syr.
1009 691 1100 735 Non
1116 697 1218 736 enim
1232 703 1289 737 est
1305 710 1374 738 ac·-

110 758 232 809 ceptio
245 755 432 796 facierum.
446 755 551 796 Deus
562 758 600 795 in
613 757 850 797 retribuendo
861 757 922 797 vel
933 759 1094 810 praemia,
1107 758 1166 798 vel
1181 758 1370 812 supplicia,

107 833 186 860 non
201 821 347 872 respicit
363 819 489 871 facies,
509 833 690 872 personas.
701 819 916 861 hominum:
932 834 977 859 an
992 818 1174 860 Judaeus?
1193 836 1240 861 an
1262 820 1375 862 Gen-

107 883 201 923 ritis⁹
223 898 264 915 ψ»
290 883 416 923 dives?
433 897 480 923 an
513 883 671 923 doctus?
697 897 742 922 an
774 883 935 923 nobilis?
959 883 1026 923 sed
1052 886 1198 937 respicit
1218 888 1374 936 ,tantum

107 951 249 989 merita.
269 946 437 1000 Respicit
463 960 547 996 cor,
578 959 654 985 non
688 944 838 992 facierm
870 947 1016 998 respicit
1035 944 1268 994 charitatem,
1295 961 1373 987 non

109 1010 322 1063 dignitatem
341 1022 510 1062 personat
525 1024 534 1047 ε
552 1009 599 1048 de
616 1006 690 1048 hoc
719 1009 825 1060 igitur
841 1007 920 1049 solo
938 1014 973 1047 et
985 1014 1022 1048 tu
1035 1021 1118 1047 cura
1135 1023 1144 1047 ε
1162 1007 1311 1048 attende
1326 1007 1373 1047 ad

111 1089 174 1115 cor
197 1081 312 1123 tuum,
331 1088 376 1114 an
409 1075 583 1115 charitate
610 1071 776 1112 ferveat?
796 1074 832 1112 in
859 1071 1032 1112 charitate
1052 1080 1087 1113 et
1124 1086 1172 1112 ex
1200 1072 1373 1115 charitate

109 1137 235 1178 vivat?
255 1151 321 1190 per
343 1135 558 1175 charitatem
580 1141 762 1188 operetur.

166 1200 222 1252 Y.
243 1215 306 1242 12.
329 1201 564 1253 Quicumque
585 1202 685 1237 enim
703 1200 783 1237 sine
807 1199 893 1249 lege.
921 1195 989 1238 Gr.
1009 1197 1147 1246 ἀνόμως·
1160 1227 1171 1245 ,
1196 1198 1295 1250 quasi
1309 1196 1374 1236 di·-

110 1277 169 1303 cas
201 1262 414 1314 illegaliter,
441 1259 680 1311 extegatiter,
706 1259 744 1299 id
784 1267 857 1308 est,
893 1260 972 1298 sine
1000 1259 1076 1309 lege
1111 1259 1273 1310 scripta,
1306 1271 1374 1299 seu

106 1324 271 1367 Mosaicss
288 1342 296 1365 :
315 1326 494 1378 significat
511 1322 679 1364 Gentiles
694 1353 706 1372 ,
727 1326 787 1377 qui
800 1322 1038 1374 talemlegem
1055 1336 1130 1361 non
1148 1321 1374 1362 habuerunt:

110 1397 146 1431 et
163 1390 202 1431 hi
221 1392 435 1444 punientur,
458 1403 534 1428 non
556 1394 702 1440 propter
721 1388 1045 1439 transgressionem
1065 1383 1346 1437 tegtsMosaicae
1360 1415 1372 1436 ‚

109 1454 177 1494 sed
194 1460 342 1507 propter
375 1452 700 1504 transgressionem
722 1450 810 1501 legis
845 1447 1013 1488 naturalis
1038 1448 1074 1486 in
1100 1449 1174 1486 suis
1199 1446 1374 1488 cordibus

109 1516 179 1555 scri
209 1521 267 1554 tae.

164 1528 216 1614 ἔτ
234 1576 455 1628 quicumque
477 1574 516 1611 ιἰι
536 1573 623 1621 lege.
647 1568 690 1609 ld
712 1577 764 1610 est
780 1599 790 1617 ,
815 1569 935 1620 legem
953 1566 1158 1609 Mosaicam
1194 1565 1372 1607 habentes

104 1643 362 1690 peccaverunt,
376 1648 441 1687 per
453 1633 622 1674 camdem
640 1633 754 1683 legem
769 1633 963 1683 punientur
977 1657 988 1678 ,
1008 1629 1045 1669 id
1058 1635 1128 1676 est,
1142 1630 1243 1679 juxta
1254 1633 1372 1667 trans-

110 1703 314 1753 gressiones
331 1699 421 1739 illins
441 1698 542 1749 legis.

166 1759 269 1801 Hinc
284 1760 446 1811 sequitur
463 1756 563 1810 quod
584 1752 692 1797 Dens
723 1769 801 1795 non
833 1757 878 1794 sit
909 1766 1148 1806 personarum
1174 1757 1368 1804 ac‹:eptor·;

42 1858 48 1866 .
110 1828 193 1865 etun
203 1837 333 1864 omnes
354 1827 580 1876 peccatores,
591 1822 670 1860 sive
679 1818 847 1869 Judaeos,
858 1820 938 1858 sive
948 1814 1128 1859 Gentiles,
1140 1818 1262 1869 puniat
1274 1815 1373 1865 juxta

109 1895 261 1931 reatum.

164 1949 267 1992 Hinc.
290 1950 398 1989 etiarn
433 1954 530 2000 patet
549 1946 647 2000 qnod
679 1945 794 1987 nullus
816 1945 932 1986 hoino
953 1946 996 1985 sit
1022 1945 1101 1984 sinc
1122 1942 1199 1994 lege
1213 1971 1223 1990 ,
1245 1940 1372 1982 saltem

110 2018 149 2058 in
171 2015 282 2057 corde
305 2029 370 2055 suo
392 2011 523 2066 srriptzl
539 2029 549 2052 ε
563 2013 647 2053 lunc
664 2012 723 2053 lex
746 2018 907 2061 accusat,
928 2011 1136 2058 convincit,
1159 2006 1314 2059 judicat,
1335 2013 1372 2047 et

111 2079 258 2119 damnat
281 2089 412 2117 ornnes
434 2075 527 2115 male
549 2081 713 2127 agentes.
730 2073 812 2113 Lux
827 2085 914 2123 ergo
935 2071 1170 2112 conscientiae
1190 2070 1255 2107 erit
1279 2081 1372 2107 om·-

110 2142 212 2180 nium
231 2138 424 2178 hominum
442 2137 571 2187 judex:
584 2135 788 2176 secundnm
808 2133 907 2173 hauc
921 2128 1182 2185 legem,l.)eus‚
1206 2130 1372 2169 omnium

108 2206 301 2246 hominurn
321 2209 460 2242 creator
476 2233 486 2251 ,
509 2206 577 2243 crit
600 2205 763 2243 omnium
785 2200 978 2242 hominum
998 2197 1123 2249 judeX.

163 2267 284 2310 Sed'si
304 2266 433 2308 sufficit
452 2266 507 2306 illa
528 2266 607 2316 lex,
628 2272 665 2306 ut
689 2265 858 2305 lanxnines
875 2264 1232 2304 constituanturante
1248 2257 1372 2301 Deum

109 2334 184 2382 rei,
206 2329 291 2385 qnid
318 2331 381 2370 erit
402 2329 447 2369 de
463 2330 595 2379 nobis,
617 2330 678 2382 qui
693 2334 865 2381 praeterea
883 2326 1000 2379 legem
1019 2321 1282 2376 liv-angelicam
1296 2320 1371 2362 ha-

110 2398 243 2438 bemus
257 2396 275 2437 ἓ
