<?xml version="1.0" encoding="UTF-8"?>
<!DOCTYPE html PUBLIC "-//W3C//DTD XHTML 1.0 Transitional//EN"
    "http://www.w3.org/TR/xhtml1/DTD/xhtml1-transitional.dtd">
<html xmlns="http://www.w3.org/1999/xhtml" xml:lang="en" lang="en">
 <head>
  <title>
</title>
<meta http-equiv="Content-Type" content="text/html;charset=utf-8" />
  <meta name='ocr-system' content='tesseract 3.04.00' />
  <meta name='ocr-capabilities' content='ocr_page ocr_carea ocr_par ocr_line ocrx_word'/>
</head>
<body>
  <div class='ocr_page' id='page_1' title='image "./epistolaumbpauli01picq_0240.png"; bbox 0 0 1410 2554; ppageno 0'>
   <div class='ocr_carea' id='block_1_1' title="bbox 149 61 1030 119">
    <p class='ocr_par' dir='ltr' id='par_1_1' title="bbox 149 61 1030 119">
     <span class='ocr_line' id='line_1_1' title="bbox 149 61 1030 119; baseline 0.008 -15"><span class='ocrx_word' id='word_1_1' title='bbox 149 61 227 119; x_wconf 66' lang='lat'><strong>296</strong></span> <span class='ocrx_word' id='word_1_2' title='bbox 521 74 807 107; x_wconf 45' lang='lat' dir='ltr'><strong>tals-ronzano</strong></span> <span class='ocrx_word' id='word_1_3' title='bbox 823 79 1030 118; x_wconf 56' lang='lat' dir='ltr'><strong>Romanos</strong></span> 
     </span>
    </p>
   </div>
   <div class='ocr_carea' id='block_1_2' title="bbox 142 135 1410 196">
    <p class='ocr_par' dir='ltr' id='par_1_2' title="bbox 142 135 1410 196">
     <span class='ocr_line' id='line_1_2' title="bbox 142 135 1410 196; baseline 0.005 -18"><span class='ocrx_word' id='word_1_4' title='bbox 142 150 243 178; x_wconf 89' lang='lat' dir='ltr'><strong>nunc</strong></span> <span class='ocrx_word' id='word_1_5' title='bbox 260 143 434 191; x_wconf 82' lang='lat' dir='ltr'>apparent</span> <span class='ocrx_word' id='word_1_6' title='bbox 455 136 518 177; x_wconf 87' lang='lat' dir='ltr'><strong>filii</strong></span> <span class='ocrx_word' id='word_1_7' title='bbox 534 135 632 188; x_wconf 89' lang='lat' dir='ltr'><strong>Dei,</strong></span> <span class='ocrx_word' id='word_1_8' title='bbox 654 140 717 190; x_wconf 87' lang='lat' dir='ltr'><strong>qui</strong></span> <span class='ocrx_word' id='word_1_9' title='bbox 734 141 868 178; x_wconf 74' lang='lat' dir='ltr'><strong>revera</strong></span> <span class='ocrx_word' id='word_1_10' title='bbox 894 152 971 180; x_wconf 89' lang='lat' dir='ltr'><strong>non</strong></span> <span class='ocrx_word' id='word_1_11' title='bbox 992 147 1102 189; x_wconf 85' lang='lat' dir='ltr'><strong>sunt;</strong></span> <span class='ocrx_word' id='word_1_12' title='bbox 1134 140 1192 182; x_wconf 88' lang='lat' dir='ltr'><strong>alii</strong></span> <span class='ocrx_word' id='word_1_13' title='bbox 1214 148 1299 182; x_wconf 90' lang='lat' dir='ltr'><strong>sunt</strong></span> <span class='ocrx_word' id='word_1_14' title='bbox 1319 145 1410 196; x_wconf 83' lang='lat' dir='ltr'><strong>qui-</strong></span> 
     </span>
    </p>
   </div>
   <div class='ocr_carea' id='block_1_3' title="bbox 143 197 1407 312">
    <p class='ocr_par' dir='ltr' id='par_1_3' title="bbox 143 197 1407 312">
     <span class='ocr_line' id='line_1_3' title="bbox 143 197 745 250; baseline -0.003 -11"><span class='ocrx_word' id='word_1_15' title='bbox 143 199 231 239; x_wconf 88' lang='lat' dir='ltr'><strong>dem</strong></span> <span class='ocrx_word' id='word_1_16' title='bbox 246 227 257 247; x_wconf 86' lang='lat'>,</span> <span class='ocrx_word' id='word_1_17' title='bbox 274 197 341 238; x_wconf 90' lang='lat' dir='ltr'><strong>sed</strong></span> <span class='ocrx_word' id='word_1_18' title='bbox 366 211 444 237; x_wconf 90' lang='lat' dir='ltr'><strong>non</strong></span> <span class='ocrx_word' id='word_1_19' title='bbox 464 204 632 250; x_wconf 88' lang='lat' dir='ltr'><strong>putantur</strong></span> <span class='ocrx_word' id='word_1_20' title='bbox 649 211 745 238; x_wconf 90' lang='lat' dir='ltr'><strong>esse.</strong></span> 
     </span>
     <span class='ocr_line' id='line_1_4' title="bbox 197 255 1407 312; baseline 0.004 -14"><span class='ocrx_word' id='word_1_21' title='bbox 197 255 484 310; x_wconf 87' lang='lat' dir='ltr'><strong>Exspecternus‚</strong></span> <span class='ocrx_word' id='word_1_22' title='bbox 505 257 773 307; x_wconf 84' lang='lat' dir='ltr'><strong>desideremus,</strong></span> <span class='ocrx_word' id='word_1_23' title='bbox 789 256 947 298; x_wconf 69' lang='lat' dir='ltr'><strong>solliciti:</strong></span> <span class='ocrx_word' id='word_1_24' title='bbox 963 259 1192 312; x_wconf 80' lang='lat' dir='ltr'>speculemur</span> <span class='ocrx_word' id='word_1_25' title='bbox 1208 260 1295 303; x_wconf 90' lang='lat' dir='ltr'><strong>illud</strong></span> <span class='ocrx_word' id='word_1_26' title='bbox 1309 269 1407 303; x_wconf 81' lang='lat' dir='ltr'><strong>tem-</strong></span> 
     </span>
    </p>
   </div>
   <div class='ocr_carea' id='block_1_4' title="bbox 102 320 1406 2309">
    <p class='ocr_par' dir='ltr' id='par_1_4' title="bbox 141 320 1406 432">
     <span class='ocr_line' id='line_1_5' title="bbox 143 320 1406 372; baseline 0.003 -14"><span class='ocrx_word' id='word_1_27' title='bbox 143 332 232 371; x_wconf 87' lang='lat' dir='ltr'><strong>pus.</strong></span> <span class='ocrx_word' id='word_1_28' title='bbox 253 320 398 358; x_wconf 87' lang='lat' dir='ltr'><strong>interim</strong></span> <span class='ocrx_word' id='word_1_29' title='bbox 421 331 638 369; x_wconf 83' lang='lat' dir='ltr'>gemamus,</span> <span class='ocrx_word' id='word_1_30' title='bbox 662 330 830 362; x_wconf 82' lang='lat' dir='ltr'><strong>oremus;</strong></span> <span class='ocrx_word' id='word_1_31' title='bbox 851 323 998 358; x_wconf 75' lang='lat' dir='ltr'><strong>orantes</strong></span> <span class='ocrx_word' id='word_1_32' title='bbox 1020 324 1056 357; x_wconf 91' lang='lat' dir='ltr'><strong>et</strong></span> <span class='ocrx_word' id='word_1_33' title='bbox 1075 325 1266 372; x_wconf 72' lang='lat' dir='ltr'>gementes</span> <span class='ocrx_word' id='word_1_34' title='bbox 1286 327 1322 361; x_wconf 89' lang='lat' dir='ltr'><strong>et</strong></span> <span class='ocrx_word' id='word_1_35' title='bbox 1333 321 1406 362; x_wconf 89' lang='lat' dir='ltr'><strong>bo·</strong></span> 
     </span>
     <span class='ocr_line' id='line_1_6' title="bbox 141 375 1358 432; baseline 0 -13"><span class='ocrx_word' id='word_1_36' title='bbox 141 392 232 419; x_wconf 87' lang='lat' dir='ltr'><strong>num</strong></span> <span class='ocrx_word' id='word_1_37' title='bbox 249 385 467 432; x_wconf 76' lang='lat' dir='ltr'>operantes,</span> <span class='ocrx_word' id='word_1_38' title='bbox 489 383 745 430; x_wconf 79' lang='lat' dir='ltr'><strong>exspectemus</strong></span> <span class='ocrx_word' id='word_1_39' title='bbox 762 376 916 429; x_wconf 80' lang='lat' dir='ltr'><strong>gloriam</strong></span> <span class='ocrx_word' id='word_1_40' title='bbox 932 377 1091 419; x_wconf 88' lang='lat' dir='ltr'><strong>filiorum</strong></span> <span class='ocrx_word' id='word_1_41' title='bbox 1109 375 1196 420; x_wconf 87' lang='lat' dir='ltr'><strong>Dei.</strong></span> <span class='ocrx_word' id='word_1_42' title='bbox 1352 382 1358 397; x_wconf 75' lang='grc'>”</span> 
     </span>
    </p>

    <p class='ocr_par' dir='ltr' id='par_1_5' title="bbox 139 436 1406 543">
     <span class='ocr_line' id='line_1_7' title="bbox 195 436 1406 491; baseline 0.004 -12"><span class='ocrx_word' id='word_1_43' title='bbox 195 437 326 480; x_wconf 85' lang='lat' dir='ltr'><strong>Eheu!</strong></span> <span class='ocrx_word' id='word_1_44' title='bbox 346 452 414 479; x_wconf 91' lang='lat' dir='ltr'><strong>cur</strong></span> <span class='ocrx_word' id='word_1_45' title='bbox 434 441 560 479; x_wconf 86' lang='lat' dir='ltr'><strong>timeat</strong></span> <span class='ocrx_word' id='word_1_46' title='bbox 581 436 830 489; x_wconf 72' lang='lat' dir='ltr'>Christianus,</span> <span class='ocrx_word' id='word_1_47' title='bbox 848 439 949 491; x_wconf 91' lang='lat' dir='ltr'><strong>quod</strong></span> <span class='ocrx_word' id='word_1_48' title='bbox 969 443 1089 482; x_wconf 92' lang='lat' dir='ltr'><strong>omnis</strong></span> <span class='ocrx_word' id='word_1_49' title='bbox 1108 447 1270 483; x_wconf 87' lang='lat' dir='ltr'><strong>creatura</strong></span> <span class='ocrx_word' id='word_1_50' title='bbox 1285 441 1406 484; x_wconf 81' lang='lat' dir='ltr'><strong>vehe-</strong></span> 
     </span>
     <span class='ocr_line' id='line_1_8' title="bbox 139 501 590 543; baseline 0 0"><span class='ocrx_word' id='word_1_51' title='bbox 139 504 370 543; x_wconf 77' lang='lat' dir='ltr'><strong>mentissime</strong></span> <span class='ocrx_word' id='word_1_52' title='bbox 382 501 590 543; x_wconf 78' lang='lat' dir='ltr'>desiderat?</span> 
     </span>
    </p>

    <p class='ocr_par' dir='ltr' id='par_1_6' title="bbox 102 557 1404 994">
     <span class='ocr_line' id='line_1_9' title="bbox 194 557 1404 618; baseline 0.004 -12"><span class='ocrx_word' id='word_1_53' title='bbox 194 557 241 607; x_wconf 61' lang='grc' dir='ltr'><strong>Ῠ.</strong></span> <span class='ocrx_word' id='word_1_54' title='bbox 260 581 326 606; x_wconf 87' lang='lat'><strong>20.</strong></span> <span class='ocrx_word' id='word_1_55' title='bbox 353 564 534 604; x_wconf 80' lang='lat' dir='ltr'><em>Vanitati</em></span> <span class='ocrx_word' id='word_1_56' title='bbox 550 565 651 604; x_wconf 80' lang='lat' dir='ltr'><strong>enim</strong></span> <span class='ocrx_word' id='word_1_57' title='bbox 669 564 839 618; x_wconf 82' lang='lat' dir='ltr'><strong>subjecta</strong></span> <span class='ocrx_word' id='word_1_58' title='bbox 857 571 912 605; x_wconf 80' lang='lat' dir='ltr'><strong>est</strong></span> <span class='ocrx_word' id='word_1_59' title='bbox 925 594 939 613; x_wconf 88' lang='lat'>‚</span> <span class='ocrx_word' id='word_1_60' title='bbox 957 565 996 605; x_wconf 86' lang='lat' dir='ltr'><strong>id</strong></span> <span class='ocrx_word' id='word_1_61' title='bbox 1014 571 1094 616; x_wconf 87' lang='lat' dir='ltr'><strong>est,</strong></span> <span class='ocrx_word' id='word_1_62' title='bbox 1113 569 1295 609; x_wconf 85' lang='lat' dir='ltr'><strong>continuae</strong></span> <span class='ocrx_word' id='word_1_63' title='bbox 1312 584 1404 612; x_wconf 77' lang='lat' dir='ltr'><strong>rnu-</strong></span> 
     </span>
     <span class='ocr_line' id='line_1_10' title="bbox 102 624 1404 682; baseline 0.004 -15"><span class='ocrx_word' id='word_1_64' title='bbox 102 632 105 634; x_wconf 83' lang='grc'><strong>’</strong></span> <span class='ocrx_word' id='word_1_65' title='bbox 138 631 268 669; x_wconf 86' lang='lat' dir='ltr'><strong>tationi</strong></span> <span class='ocrx_word' id='word_1_66' title='bbox 287 636 324 670; x_wconf 87' lang='lat' dir='ltr'><strong>et</strong></span> <span class='ocrx_word' id='word_1_67' title='bbox 342 630 565 682; x_wconf 85' lang='lat' dir='ltr'><strong>corruptioni</strong></span> <span class='ocrx_word' id='word_1_68' title='bbox 585 627 747 666; x_wconf 87' lang='lat' dir='ltr'><strong>obnoxia</strong></span> <span class='ocrx_word' id='word_1_69' title='bbox 767 633 834 666; x_wconf 89' lang='lat' dir='ltr'><strong>est.</strong></span> <span class='ocrx_word' id='word_1_70' title='bbox 847 624 994 667; x_wconf 88' lang='lat' dir='ltr'><strong>Vanum</strong></span> <span class='ocrx_word' id='word_1_71' title='bbox 1012 626 1072 667; x_wconf 84' lang='lat' dir='ltr'><strong>hic</strong></span> <span class='ocrx_word' id='word_1_72' title='bbox 1089 627 1189 668; x_wconf 89' lang='lat' dir='ltr'><strong>idem</strong></span> <span class='ocrx_word' id='word_1_73' title='bbox 1207 642 1249 669; x_wconf 86' lang='lat' dir='ltr'><strong>ac</strong></span> <span class='ocrx_word' id='word_1_74' title='bbox 1260 629 1404 672; x_wconf 85' lang='lat' dir='ltr'><strong>fluxum</strong></span> 
     </span>
     <span class='ocr_line' id='line_1_11' title="bbox 139 686 1404 743; baseline 0.002 -12"><span class='ocrx_word' id='word_1_75' title='bbox 139 697 178 731; x_wconf 89' lang='lat' dir='ltr'><strong>et</strong></span> <span class='ocrx_word' id='word_1_76' title='bbox 207 689 404 731; x_wconf 85' lang='lat' dir='ltr'><strong>mutabile:</strong></span> <span class='ocrx_word' id='word_1_77' title='bbox 421 704 496 729; x_wconf 85' lang='lat' dir='ltr'><strong>non</strong></span> <span class='ocrx_word' id='word_1_78' title='bbox 531 689 657 728; x_wconf 74' lang='lat' dir='ltr'><strong>volens</strong></span> <span class='ocrx_word' id='word_1_79' title='bbox 666 715 684 741; x_wconf 21' lang='grc' dir='ltr'><strong>,Ι</strong></span> <span class='ocrx_word' id='word_1_80' title='bbox 703 686 742 726; x_wconf 83' lang='lat' dir='ltr'><strong>id</strong></span> <span class='ocrx_word' id='word_1_81' title='bbox 761 693 839 737; x_wconf 80' lang='lat' dir='ltr'><strong>est,</strong></span> <span class='ocrx_word' id='word_1_82' title='bbox 857 701 933 727; x_wconf 92' lang='lat' dir='ltr'><strong>non</strong></span> <span class='ocrx_word' id='word_1_83' title='bbox 955 694 1088 741; x_wconf 89' lang='lat' dir='ltr'><strong>sponte</strong></span> <span class='ocrx_word' id='word_1_84' title='bbox 1119 688 1206 729; x_wconf 70' lang='lat' dir='ltr'><strong>sua:</strong></span> <span class='ocrx_word' id='word_1_85' title='bbox 1229 691 1404 743; x_wconf 82' lang='lat' dir='ltr'><strong>quaelibet</strong></span> 
     </span>
     <span class='ocr_line' id='line_1_12' title="bbox 139 748 1400 806; baseline 0.002 -14"><span class='ocrx_word' id='word_1_86' title='bbox 139 754 239 792; x_wconf 88' lang='lat' dir='ltr'><strong>enim</strong></span> <span class='ocrx_word' id='word_1_87' title='bbox 252 766 312 792; x_wconf 89' lang='lat' dir='ltr'><strong>res</strong></span> <span class='ocrx_word' id='word_1_88' title='bbox 328 750 536 792; x_wconf 83' lang='lat' dir='ltr'>naturaliter</span> <span class='ocrx_word' id='word_1_89' title='bbox 551 749 674 790; x_wconf 90' lang='lat' dir='ltr'><strong>horret</strong></span> <span class='ocrx_word' id='word_1_90' title='bbox 687 755 724 789; x_wconf 89' lang='lat' dir='ltr'><strong>et</strong></span> <span class='ocrx_word' id='word_1_91' title='bbox 740 748 828 801; x_wconf 80' lang='lat' dir='ltr'><strong>sugit</strong></span> <span class='ocrx_word' id='word_1_92' title='bbox 842 753 1024 803; x_wconf 87' lang='lat' dir='ltr'><strong>corrumpi</strong></span> <span class='ocrx_word' id='word_1_93' title='bbox 1038 765 1048 798; x_wconf 71' lang='grc' dir='ltr'><strong>ς</strong></span> <span class='ocrx_word' id='word_1_94' title='bbox 1063 752 1286 805; x_wconf 83' lang='lat' dir='ltr'><strong>sedpropler</strong></span> <span class='ocrx_word' id='word_1_95' title='bbox 1297 769 1400 806; x_wconf 77' lang='lat' dir='ltr'><strong>eum,</strong></span> 
     </span>
     <span class='ocr_line' id='line_1_13' title="bbox 137 811 1402 870; baseline 0.002 -16"><span class='ocrx_word' id='word_1_96' title='bbox 137 813 176 854; x_wconf 85' lang='lat' dir='ltr'><strong>id</strong></span> <span class='ocrx_word' id='word_1_97' title='bbox 195 820 271 862; x_wconf 84' lang='lat' dir='ltr'><strong>est,</strong></span> <span class='ocrx_word' id='word_1_98' title='bbox 290 811 434 861; x_wconf 85' lang='lat' dir='ltr'><strong>Deum,</strong></span> <span class='ocrx_word' id='word_1_99' title='bbox 457 813 516 865; x_wconf 91' lang='lat' dir='ltr'><strong>qui</strong></span> <span class='ocrx_word' id='word_1_100' title='bbox 534 812 690 862; x_wconf 84' lang='lat' dir='ltr'><strong>subjecit</strong></span> <span class='ocrx_word' id='word_1_101' title='bbox 709 823 789 850; x_wconf 88' lang='lat' dir='ltr'><strong>earn</strong></span> <span class='ocrx_word' id='word_1_102' title='bbox 805 812 843 849; x_wconf 76' lang='lat' dir='ltr'><strong>in</strong></span> <span class='ocrx_word' id='word_1_103' title='bbox 856 825 941 862; x_wconf 83' lang='lat' dir='ltr'><strong>spe,</strong></span> <span class='ocrx_word' id='word_1_104' title='bbox 954 811 995 851; x_wconf 87' lang='lat' dir='ltr'><strong>id</strong></span> <span class='ocrx_word' id='word_1_105' title='bbox 1015 817 1091 860; x_wconf 88' lang='lat' dir='ltr'><strong>est,</strong></span> <span class='ocrx_word' id='word_1_106' title='bbox 1114 827 1190 852; x_wconf 91' lang='lat' dir='ltr'><strong>non</strong></span> <span class='ocrx_word' id='word_1_107' title='bbox 1207 815 1246 853; x_wconf 90' lang='lat' dir='ltr'><strong>in</strong></span> <span class='ocrx_word' id='word_1_108' title='bbox 1266 827 1402 870; x_wconf 84' lang='lat' dir='ltr'><strong>perpe·</strong></span> 
     </span>
     <span class='ocr_line' id='line_1_14' title="bbox 136 869 1402 930; baseline 0.002 -14"><span class='ocrx_word' id='word_1_109' title='bbox 136 884 262 926; x_wconf 85' lang='lat' dir='ltr'><strong>tuum,</strong></span> <span class='ocrx_word' id='word_1_110' title='bbox 292 875 358 916; x_wconf 89' lang='lat' dir='ltr'><strong>sed</strong></span> <span class='ocrx_word' id='word_1_111' title='bbox 383 876 430 915; x_wconf 90' lang='lat' dir='ltr'><strong>ad</strong></span> <span class='ocrx_word' id='word_1_112' title='bbox 456 882 621 927; x_wconf 81' lang='lat' dir='ltr'><strong>tempus,</strong></span> <span class='ocrx_word' id='word_1_113' title='bbox 642 872 733 913; x_wconf 66' lang='lat' dir='ltr'><strong>sacta</strong></span> <span class='ocrx_word' id='word_1_114' title='bbox 754 873 802 912; x_wconf 86' lang='lat' dir='ltr'><strong>illi</strong></span> <span class='ocrx_word' id='word_1_115' title='bbox 832 872 927 913; x_wconf 64' lang='lat' dir='ltr'><strong>certa</strong></span> <span class='ocrx_word' id='word_1_116' title='bbox 956 888 1024 928; x_wconf 85' lang='lat' dir='ltr'><strong>spe</strong></span> <span class='ocrx_word' id='word_1_117' title='bbox 1044 874 1297 927; x_wconf 67' lang='lat' dir='ltr'><strong>liberationiss</strong></span> <span class='ocrx_word' id='word_1_118' title='bbox 1315 869 1402 930; x_wconf 72' lang='lat' dir='ltr'><strong>quae</strong></span> 
     </span>
     <span class='ocr_line' id='line_1_15' title="bbox 136 939 885 994; baseline -0.007 -11"><span class='ocrx_word' id='word_1_119' title='bbox 136 945 323 994; x_wconf 80' lang='lat' dir='ltr'><strong>continget</strong></span> <span class='ocrx_word' id='word_1_120' title='bbox 340 943 376 981; x_wconf 90' lang='lat' dir='ltr'><strong>in</strong></span> <span class='ocrx_word' id='word_1_121' title='bbox 395 939 590 980; x_wconf 84' lang='lat' dir='ltr'><strong>universali</strong></span> <span class='ocrx_word' id='word_1_122' title='bbox 610 940 885 978; x_wconf 86' lang='lat' dir='ltr'><strong>resurrectione.</strong></span> 
     </span>
    </p>

    <p class='ocr_par' dir='ltr' id='par_1_7' title="bbox 134 999 1398 1230">
     <span class='ocr_line' id='line_1_16' title="bbox 189 999 1398 1054; baseline 0.001 -11"><span class='ocrx_word' id='word_1_123' title='bbox 189 1001 244 1054; x_wconf 59' lang='lat' dir='ltr'><strong>ss.</strong></span> <span class='ocrx_word' id='word_1_124' title='bbox 266 1017 330 1041; x_wconf 83' lang='lat'><strong>21.</strong></span> <span class='ocrx_word' id='word_1_125' title='bbox 354 1002 456 1052; x_wconf 77' lang='lat' dir='ltr'><strong>Quia</strong></span> <span class='ocrx_word' id='word_1_126' title='bbox 483 1007 520 1038; x_wconf 81' lang='lat' dir='ltr'><strong>et</strong></span> <span class='ocrx_word' id='word_1_127' title='bbox 544 1002 626 1051; x_wconf 72' lang='lat' dir='ltr'><strong>[psa</strong></span> <span class='ocrx_word' id='word_1_128' title='bbox 655 1005 826 1037; x_wconf 79' lang='lat' dir='ltr'><strong>creatum</strong></span> <span class='ocrx_word' id='word_1_129' title='bbox 850 999 1108 1040; x_wconf 77' lang='lat' dir='ltr'><em>liberabitur...</em></span> <span class='ocrx_word' id='word_1_130' title='bbox 1131 1006 1218 1041; x_wconf 85' lang='lat' dir='ltr'><strong>tunc</strong></span> <span class='ocrx_word' id='word_1_131' title='bbox 1237 1004 1336 1042; x_wconf 84' lang='lat' dir='ltr'><strong>euim</strong></span> <span class='ocrx_word' id='word_1_132' title='bbox 1356 1007 1398 1045; x_wconf 64' lang='lat' dir='ltr'><strong>&#39;et</strong></span> 
     </span>
     <span class='ocr_line' id='line_1_17' title="bbox 134 1063 1397 1120; baseline 0.002 -14"><span class='ocrx_word' id='word_1_133' title='bbox 134 1070 219 1120; x_wconf 77' lang='lat' dir='ltr'><strong>ipsa</strong></span> <span class='ocrx_word' id='word_1_134' title='bbox 240 1073 410 1106; x_wconf 73' lang='lat' dir='ltr'><strong>creatur-a</strong></span> <span class='ocrx_word' id='word_1_135' title='bbox 429 1065 647 1104; x_wconf 72' lang='lat' dir='ltr'><strong>liberabitur</strong></span> <span class='ocrx_word' id='word_1_136' title='bbox 668 1065 693 1102; x_wconf 81' lang='grc' dir='ltr'>ὰ</span> <span class='ocrx_word' id='word_1_137' title='bbox 721 1065 908 1110; x_wconf 74' lang='lat' dir='ltr'><strong>servitute,</strong></span> <span class='ocrx_word' id='word_1_138' title='bbox 931 1063 1001 1115; x_wconf 63' lang='lat' dir='ltr'><strong>qua</strong></span> <span class='ocrx_word' id='word_1_139' title='bbox 1017 1068 1238 1116; x_wconf 84' lang='lat' dir='ltr'><strong>corruptioni</strong></span> <span class='ocrx_word' id='word_1_140' title='bbox 1257 1073 1293 1107; x_wconf 89' lang='lat' dir='ltr'><strong>et</strong></span> <span class='ocrx_word' id='word_1_141' title='bbox 1306 1081 1397 1109; x_wconf 86' lang='lat' dir='ltr'><strong>mu·-</strong></span> 
     </span>
     <span class='ocr_line' id='line_1_18' title="bbox 134 1126 1394 1181; baseline 0 -11"><span class='ocrx_word' id='word_1_142' title='bbox 134 1129 300 1170; x_wconf 82' lang='lat' dir='ltr'><strong>tabilitati</strong></span> <span class='ocrx_word' id='word_1_143' title='bbox 329 1127 514 1176; x_wconf 83' lang='lat' dir='ltr'><strong>subjacet;</strong></span> <span class='ocrx_word' id='word_1_144' title='bbox 548 1131 634 1165; x_wconf 82' lang='lat' dir='ltr'><strong>tunc</strong></span> <span class='ocrx_word' id='word_1_145' title='bbox 653 1127 753 1164; x_wconf 86' lang='lat' dir='ltr'><strong>enim</strong></span> <span class='ocrx_word' id='word_1_146' title='bbox 772 1126 928 1165; x_wconf 79' lang='lat' dir='ltr'><strong>cessabit</strong></span> <span class='ocrx_word' id='word_1_147' title='bbox 955 1128 1163 1177; x_wconf 84' lang='lat' dir='ltr'><strong>generatio,</strong></span> <span class='ocrx_word' id='word_1_148' title='bbox 1187 1131 1394 1181; x_wconf 84' lang='lat' dir='ltr'>corruptio,</span> 
     </span>
     <span class='ocr_line' id='line_1_19' title="bbox 134 1188 463 1230; baseline -0.015 0"><span class='ocrx_word' id='word_1_149' title='bbox 134 1196 257 1230; x_wconf 87' lang='lat' dir='ltr'><strong>motus</strong></span> <span class='ocrx_word' id='word_1_150' title='bbox 276 1188 463 1228; x_wconf 86' lang='lat' dir='ltr'><strong>coelorum.</strong></span> 
     </span>
    </p>

    <p class='ocr_par' dir='ltr' id='par_1_8' title="bbox 132 1249 1396 1357">
     <span class='ocr_line' id='line_1_20' title="bbox 190 1249 1396 1301; baseline 0.002 -9"><span class='ocrx_word' id='word_1_151' title='bbox 190 1254 238 1292; x_wconf 90' lang='lat' dir='ltr'><strong>In</strong></span> <span class='ocrx_word' id='word_1_152' title='bbox 253 1254 461 1292; x_wconf 74' lang='lat' dir='ltr'><strong>lt&#39;bcrtatem</strong></span> <span class='ocrx_word' id='word_1_153' title='bbox 477 1249 786 1301; x_wconf 75' lang='lat' dir='ltr'><strong>glort&#39;oefilt&#39;orum</strong></span> <span class='ocrx_word' id='word_1_154' title='bbox 809 1250 883 1289; x_wconf 80' lang='lat' dir='ltr'><strong>Dei</strong></span> <span class='ocrx_word' id='word_1_155' title='bbox 891 1281 902 1300; x_wconf 83' lang='grc'>,</span> <span class='ocrx_word' id='word_1_156' title='bbox 921 1250 959 1290; x_wconf 90' lang='lat' dir='ltr'><strong>id</strong></span> <span class='ocrx_word' id='word_1_157' title='bbox 977 1257 1054 1298; x_wconf 81' lang='lat' dir='ltr'><strong>est,</strong></span> <span class='ocrx_word' id='word_1_158' title='bbox 1072 1257 1107 1291; x_wconf 85' lang='lat' dir='ltr'><strong>et</strong></span> <span class='ocrx_word' id='word_1_159' title='bbox 1124 1251 1170 1290; x_wconf 88' lang='lat' dir='ltr'><strong>ab</strong></span> <span class='ocrx_word' id='word_1_160' title='bbox 1188 1251 1258 1293; x_wconf 82' lang='lat' dir='ltr'><strong>hac</strong></span> <span class='ocrx_word' id='word_1_161' title='bbox 1274 1256 1396 1295; x_wconf 80' lang='lat' dir='ltr'><strong>servi-</strong></span> 
     </span>
     <span class='ocr_line' id='line_1_21' title="bbox 132 1310 1366 1357; baseline -0.002 -1"><span class='ocrx_word' id='word_1_162' title='bbox 132 1321 209 1356; x_wconf 84' lang='lat' dir='ltr'><strong>tute</strong></span> <span class='ocrx_word' id='word_1_163' title='bbox 227 1311 460 1354; x_wconf 68' lang='lat' dir='ltr'><strong>transferetur</strong></span> <span class='ocrx_word' id='word_1_164' title='bbox 476 1313 512 1350; x_wconf 90' lang='lat' dir='ltr'><strong>in</strong></span> <span class='ocrx_word' id='word_1_165' title='bbox 530 1311 732 1351; x_wconf 88' lang='lat' dir='ltr'><strong>libertatern</strong></span> <span class='ocrx_word' id='word_1_166' title='bbox 751 1310 909 1350; x_wconf 80' lang='lat' dir='ltr'><strong>similem</strong></span> <span class='ocrx_word' id='word_1_167' title='bbox 928 1310 1083 1351; x_wconf 75' lang='lat' dir='ltr'><strong>libertati</strong></span> <span class='ocrx_word' id='word_1_168' title='bbox 1100 1311 1258 1353; x_wconf 83' lang='lat' dir='ltr'><strong>filiorum</strong></span> <span class='ocrx_word' id='word_1_169' title='bbox 1277 1312 1366 1357; x_wconf 86' lang='lat' dir='ltr'><strong>Dei.</strong></span> 
     </span>
    </p>

    <p class='ocr_par' dir='ltr' id='par_1_9' title="bbox 131 1369 1394 1684">
     <span class='ocr_line' id='line_1_22' title="bbox 190 1369 1393 1424; baseline 0.001 -10"><span class='ocrx_word' id='word_1_170' title='bbox 190 1373 311 1415; x_wconf 86' lang='lat' dir='ltr'><strong>Novis</strong></span> <span class='ocrx_word' id='word_1_171' title='bbox 337 1371 565 1424; x_wconf 73' lang='lat' dir='ltr'><strong>qualitatibus</strong></span> <span class='ocrx_word' id='word_1_172' title='bbox 594 1371 816 1410; x_wconf 88' lang='lat' dir='ltr'><strong>dotabuntur</strong></span> <span class='ocrx_word' id='word_1_173' title='bbox 847 1370 1041 1411; x_wconf 87' lang='lat' dir='ltr'><strong>elementa.</strong></span> <span class='ocrx_word' id='word_1_174' title='bbox 1065 1369 1145 1412; x_wconf 86' lang='lat' dir='ltr'><strong>Erit</strong></span> <span class='ocrx_word' id='word_1_175' title='bbox 1164 1374 1295 1414; x_wconf 88' lang='lat' dir='ltr'><strong>coelum</strong></span> <span class='ocrx_word' id='word_1_176' title='bbox 1321 1389 1393 1415; x_wconf 90' lang='lat' dir='ltr'><strong>no-</strong></span> 
     </span>
     <span class='ocr_line' id='line_1_23' title="bbox 134 1436 1390 1492; baseline 0.001 -13"><span class='ocrx_word' id='word_1_177' title='bbox 134 1447 343 1489; x_wconf 51' lang='lat' dir='ltr'><strong>vumsterra</strong></span> <span class='ocrx_word' id='word_1_178' title='bbox 355 1450 452 1475; x_wconf 77' lang='lat' dir='ltr'><strong>nova</strong></span> <span class='ocrx_word' id='word_1_179' title='bbox 465 1450 475 1483; x_wconf 88' lang='lat'>;</span> <span class='ocrx_word' id='word_1_180' title='bbox 491 1438 581 1475; x_wconf 86' lang='lat' dir='ltr'><strong>sicut</strong></span> <span class='ocrx_word' id='word_1_181' title='bbox 594 1438 716 1474; x_wconf 87' lang='lat' dir='ltr'><strong>nutrix</strong></span> <span class='ocrx_word' id='word_1_182' title='bbox 730 1437 830 1486; x_wconf 84' lang='lat' dir='ltr'><strong>pueri</strong></span> <span class='ocrx_word' id='word_1_183' title='bbox 845 1438 953 1487; x_wconf 75' lang='lat' dir='ltr'><strong>regii,</strong></span> <span class='ocrx_word' id='word_1_184' title='bbox 970 1436 1058 1476; x_wconf 90' lang='lat' dir='ltr'><strong>dum</strong></span> <span class='ocrx_word' id='word_1_185' title='bbox 1076 1446 1269 1479; x_wconf 80' lang='lat' dir='ltr'><strong>coronatur</strong></span> <span class='ocrx_word' id='word_1_186' title='bbox 1283 1452 1390 1492; x_wconf 81' lang='lat' dir='ltr'><strong>puer,</strong></span> 
     </span>
     <span class='ocr_line' id='line_1_24' title="bbox 134 1500 1394 1556; baseline 0 -10"><span class='ocrx_word' id='word_1_187' title='bbox 134 1508 246 1546; x_wconf 85' lang='lat' dir='ltr'><strong>etiam</strong></span> <span class='ocrx_word' id='word_1_188' title='bbox 264 1506 339 1556; x_wconf 87' lang='lat' dir='ltr'><strong>ipsa</strong></span> <span class='ocrx_word' id='word_1_189' title='bbox 356 1507 504 1554; x_wconf 84' lang='lat' dir='ltr'><strong>propter</strong></span> <span class='ocrx_word' id='word_1_190' title='bbox 523 1513 676 1553; x_wconf 84' lang='lat' dir='ltr'><strong>puerum</strong></span> <span class='ocrx_word' id='word_1_191' title='bbox 697 1501 884 1553; x_wconf 82' lang='lat' dir='ltr'><strong>participat</strong></span> <span class='ocrx_word' id='word_1_192' title='bbox 902 1500 948 1539; x_wconf 89' lang='lat' dir='ltr'><strong>de</strong></span> <span class='ocrx_word' id='word_1_193' title='bbox 966 1501 1075 1539; x_wconf 87' lang='lat' dir='ltr'><strong>bonis</strong></span> <span class='ocrx_word' id='word_1_194' title='bbox 1094 1504 1223 1554; x_wconf 86' lang='lat' dir='ltr'><strong>regiis:</strong></span> <span class='ocrx_word' id='word_1_195' title='bbox 1243 1511 1279 1544; x_wconf 80' lang='lat' dir='ltr'><strong>et</strong></span> <span class='ocrx_word' id='word_1_196' title='bbox 1298 1506 1394 1545; x_wconf 87' lang='lat' dir='ltr'><strong>sicut</strong></span> 
     </span>
     <span class='ocr_line' id='line_1_25' title="bbox 132 1563 1390 1616; baseline 0 -6"><span class='ocrx_word' id='word_1_197' title='bbox 132 1571 231 1610; x_wconf 81' lang='lat' dir='ltr'><strong>servi</strong></span> <span class='ocrx_word' id='word_1_198' title='bbox 261 1568 307 1608; x_wconf 87' lang='lat' dir='ltr'><strong>ad</strong></span> <span class='ocrx_word' id='word_1_199' title='bbox 326 1567 562 1606; x_wconf 88' lang='lat' dir='ltr'><strong>dominorum</strong></span> <span class='ocrx_word' id='word_1_200' title='bbox 597 1564 747 1616; x_wconf 76' lang='lat' dir='ltr'><strong>gloriam</strong></span> <span class='ocrx_word' id='word_1_201' title='bbox 765 1563 1011 1616; x_wconf 81' lang='lat' dir='ltr'><strong>splendidiore</strong></span> <span class='ocrx_word' id='word_1_202' title='bbox 1031 1572 1137 1606; x_wconf 86' lang='lat' dir='ltr'><strong>veste</strong></span> <span class='ocrx_word' id='word_1_203' title='bbox 1155 1573 1390 1610; x_wconf 82' lang='lat' dir='ltr'><strong>exornantur.</strong></span> 
     </span>
     <span class='ocr_line' id='line_1_26' title="bbox 131 1629 567 1684; baseline -0.018 -8"><span class='ocrx_word' id='word_1_204' title='bbox 131 1633 195 1676; x_wconf 90' lang='lat' dir='ltr'><strong>Ex</strong></span> <span class='ocrx_word' id='word_1_205' title='bbox 208 1633 263 1674; x_wconf 89' lang='lat' dir='ltr'><strong>D.</strong></span> <span class='ocrx_word' id='word_1_206' title='bbox 282 1629 567 1684; x_wconf 87' lang='lat' dir='ltr'><strong>Chrysostomo.</strong></span> 
     </span>
    </p>

    <p class='ocr_par' dir='ltr' id='par_1_10' title="bbox 130 1689 1387 1874">
     <span class='ocr_line' id='line_1_27' title="bbox 187 1689 1387 1743; baseline 0.003 -13"><span class='ocrx_word' id='word_1_207' title='bbox 187 1691 234 1743; x_wconf 56' lang='grc' dir='ltr'><strong>ᾖ.</strong></span> <span class='ocrx_word' id='word_1_208' title='bbox 253 1710 317 1735; x_wconf 81' lang='lat'><strong>22.</strong></span> <span class='ocrx_word' id='word_1_209' title='bbox 332 1693 481 1731; x_wconf 84' lang='lat' dir='ltr'><strong>Scimus</strong></span> <span class='ocrx_word' id='word_1_210' title='bbox 503 1692 601 1729; x_wconf 81' lang='lat' dir='ltr'><strong>enim</strong></span> <span class='ocrx_word' id='word_1_211' title='bbox 615 1689 714 1742; x_wconf 70' lang='lat' dir='ltr'><strong>quod</strong></span> <span class='ocrx_word' id='word_1_212' title='bbox 726 1690 847 1728; x_wconf 73' lang='lat' dir='ltr'><strong>omnis</strong></span> <span class='ocrx_word' id='word_1_213' title='bbox 869 1695 1039 1728; x_wconf 78' lang='lat' dir='ltr'><strong>creatum</strong></span> <span class='ocrx_word' id='word_1_214' title='bbox 1057 1690 1387 1741; x_wconf 76' lang='lat' dir='ltr'><strong>1&#39;ngem1&#39;sc1‘t...Gr.</strong></span> 
     </span>
     <span class='ocr_line' id='line_1_28' title="bbox 133 1747 1385 1807; baseline -0.003 -10"><span class='ocrx_word' id='word_1_215' title='bbox 133 1764 171 1798; x_wconf 89' lang='lat' dir='ltr'><strong>et</strong></span> <span class='ocrx_word' id='word_1_216' title='bbox 198 1755 430 1807; x_wconf 81' lang='lat' dir='ltr'><strong>comparturit</strong></span> <span class='ocrx_word' id='word_1_217' title='bbox 450 1765 565 1804; x_wconf 87' lang='lat' dir='ltr'><strong>usque</strong></span> <span class='ocrx_word' id='word_1_218' title='bbox 586 1764 698 1790; x_wconf 81' lang='lat' dir='ltr'><strong>nunc..</strong></span> <span class='ocrx_word' id='word_1_219' title='bbox 718 1747 804 1803; x_wconf 84' lang='lat' dir='ltr'><strong>Syr.</strong></span> <span class='ocrx_word' id='word_1_220' title='bbox 821 1751 956 1789; x_wconf 89' lang='lat' dir='ltr'><strong>scimus</strong></span> <span class='ocrx_word' id='word_1_221' title='bbox 973 1751 1072 1790; x_wconf 88' lang='lat' dir='ltr'><strong>enim</strong></span> <span class='ocrx_word' id='word_1_222' title='bbox 1087 1763 1218 1791; x_wconf 84' lang='lat' dir='ltr'><strong>omnes</strong></span> <span class='ocrx_word' id='word_1_223' title='bbox 1235 1759 1385 1793; x_wconf 87' lang='lat' dir='ltr'><strong>creatu-</strong></span> 
     </span>
     <span class='ocr_line' id='line_1_29' title="bbox 130 1814 1386 1874; baseline -0.002 -11"><span class='ocrx_word' id='word_1_224' title='bbox 130 1836 188 1863; x_wconf 85' lang='lat' dir='ltr'><strong>ras</strong></span> <span class='ocrx_word' id='word_1_225' title='bbox 200 1823 378 1874; x_wconf 86' lang='lat' dir='ltr'><strong>suspirare</strong></span> <span class='ocrx_word' id='word_1_226' title='bbox 403 1825 438 1858; x_wconf 88' lang='lat' dir='ltr'><strong>et</strong></span> <span class='ocrx_word' id='word_1_227' title='bbox 455 1817 682 1870; x_wconf 78' lang='lat' dir='ltr'><strong>parturientis</strong></span> <span class='ocrx_word' id='word_1_228' title='bbox 699 1819 772 1868; x_wconf 87' lang='lat' dir='ltr'><strong>pati</strong></span> <span class='ocrx_word' id='word_1_229' title='bbox 792 1815 937 1855; x_wconf 85' lang='lat' dir='ltr'><strong>dolores</strong></span> <span class='ocrx_word' id='word_1_230' title='bbox 956 1815 1002 1855; x_wconf 90' lang='lat' dir='ltr'><strong>ad</strong></span> <span class='ocrx_word' id='word_1_231' title='bbox 1020 1814 1118 1856; x_wconf 86' lang='lat' dir='ltr'><strong>hunc</strong></span> <span class='ocrx_word' id='word_1_232' title='bbox 1135 1830 1250 1870; x_wconf 79' lang='lat' dir='ltr'><strong>usque</strong></span> <span class='ocrx_word' id='word_1_233' title='bbox 1272 1819 1386 1860; x_wconf 86' lang='lat' dir='ltr'><strong>diem.</strong></span> 
     </span>
    </p>

    <p class='ocr_par' dir='ltr' id='par_1_11' title="bbox 128 1876 1404 2054">
     <span class='ocr_line' id='line_1_30' title="bbox 186 1876 1404 1933; baseline 0 -13"><span class='ocrx_word' id='word_1_234' title='bbox 186 1879 399 1933; x_wconf 81' lang='lat' dir='ltr'><strong>Amplifi‹·at</strong></span> <span class='ocrx_word' id='word_1_235' title='bbox 420 1877 631 1930; x_wconf 81' lang='lat' dir='ltr'><strong>praedictum</strong></span> <span class='ocrx_word' id='word_1_236' title='bbox 659 1878 779 1915; x_wconf 87' lang='lat' dir='ltr'><strong>omnis</strong></span> <span class='ocrx_word' id='word_1_237' title='bbox 799 1882 970 1916; x_wconf 78' lang='lat' dir='ltr'><strong>creaturae</strong></span> <span class='ocrx_word' id='word_1_238' title='bbox 1002 1876 1244 1924; x_wconf 82' lang='lat' dir='ltr'><strong>desiderium,</strong></span> <span class='ocrx_word' id='word_1_239' title='bbox 1264 1886 1404 1920; x_wconf 81' lang='lat' dir='ltr'><strong>meta--</strong></span> 
     </span>
     <span class='ocr_line' id='line_1_31' title="bbox 129 1938 1386 1996; baseline -0.002 -14"><span class='ocrx_word' id='word_1_240' title='bbox 129 1941 246 1996; x_wconf 69' lang='lat' dir='ltr'><strong>photil</strong></span> <span class='ocrx_word' id='word_1_241' title='bbox 260 1938 402 1992; x_wconf 72' lang='lat' dir='ltr'><strong>sumptzl</strong></span> <span class='ocrx_word' id='word_1_242' title='bbox 418 1942 436 1978; x_wconf 79' lang='grc' dir='ltr'>ὲ</span> <span class='ocrx_word' id='word_1_243' title='bbox 453 1938 601 1978; x_wconf 83' lang='lat' dir='ltr'><strong>muliere</strong></span> <span class='ocrx_word' id='word_1_244' title='bbox 619 1938 858 1989; x_wconf 75' lang='lat' dir='ltr'><strong>parturiente,</strong></span> <span class='ocrx_word' id='word_1_245' title='bbox 880 1950 963 1990; x_wconf 87' lang='lat' dir='ltr'><strong>quae</strong></span> <span class='ocrx_word' id='word_1_246' title='bbox 981 1940 1093 1990; x_wconf 80' lang='lat' dir='ltr'><strong>gemit</strong></span> <span class='ocrx_word' id='word_1_247' title='bbox 1112 1940 1150 1979; x_wconf 91' lang='lat' dir='ltr'><strong>in</strong></span> <span class='ocrx_word' id='word_1_248' title='bbox 1170 1939 1292 1993; x_wconf 71' lang='lat' dir='ltr'><strong>partus</strong></span> <span class='ocrx_word' id='word_1_249' title='bbox 1309 1940 1386 1981; x_wconf 89' lang='lat' dir='ltr'><strong>do·-</strong></span> 
     </span>
     <span class='ocr_line' id='line_1_32' title="bbox 128 1998 840 2054; baseline -0.013 -8"><span class='ocrx_word' id='word_1_250' title='bbox 128 2005 227 2052; x_wconf 80' lang='lat' dir='ltr'><strong>lore,</strong></span> <span class='ocrx_word' id='word_1_251' title='bbox 254 2007 471 2054; x_wconf 80' lang='lat' dir='ltr'><strong>exspectans</strong></span> <span class='ocrx_word' id='word_1_252' title='bbox 493 2001 539 2039; x_wconf 90' lang='lat' dir='ltr'><strong>ab</strong></span> <span class='ocrx_word' id='word_1_253' title='bbox 559 1998 840 2039; x_wconf 86' lang='lat' dir='ltr'><strong>onereliberari.</strong></span> 
     </span>
    </p>

    <p class='ocr_par' dir='ltr' id='par_1_12' title="bbox 121 2057 1385 2309">
     <span class='ocr_line' id='line_1_33' title="bbox 186 2057 1384 2117; baseline -0.002 -11"><span class='ocrx_word' id='word_1_254' title='bbox 186 2066 320 2106; x_wconf 75' lang='lat' dir='ltr'><strong>Omnis</strong></span> <span class='ocrx_word' id='word_1_255' title='bbox 343 2071 511 2102; x_wconf 78' lang='lat' dir='ltr'><strong>creatura</strong></span> <span class='ocrx_word' id='word_1_256' title='bbox 525 2090 537 2109; x_wconf 90' lang='lat'><strong><em>,</em></strong></span> <span class='ocrx_word' id='word_1_257' title='bbox 559 2060 596 2100; x_wconf 86' lang='lat' dir='ltr'><strong>id</strong></span> <span class='ocrx_word' id='word_1_258' title='bbox 613 2068 688 2109; x_wconf 82' lang='lat' dir='ltr'><strong>est,</strong></span> <span class='ocrx_word' id='word_1_259' title='bbox 710 2075 839 2101; x_wconf 86' lang='lat' dir='ltr'><strong>omnes</strong></span> <span class='ocrx_word' id='word_1_260' title='bbox 861 2057 990 2101; x_wconf 81' lang='lat' dir='ltr'><strong>mundi</strong></span> <span class='ocrx_word' id='word_1_261' title='bbox 1007 2068 1125 2115; x_wconf 86' lang='lat' dir='ltr'><strong>partes</strong></span> <span class='ocrx_word' id='word_1_262' title='bbox 1141 2062 1246 2103; x_wconf 90' lang='lat' dir='ltr'><strong>simul</strong></span> <span class='ocrx_word' id='word_1_263' title='bbox 1264 2066 1384 2117; x_wconf 84' lang='lat' dir='ltr'><strong>suspi-</strong></span> 
     </span>
     <span class='ocr_line' id='line_1_34' title="bbox 125 2125 1383 2180; baseline -0.002 -10"><span class='ocrx_word' id='word_1_264' title='bbox 125 2136 229 2170; x_wconf 86' lang='lat' dir='ltr'><strong>rant:</strong></span> <span class='ocrx_word' id='word_1_265' title='bbox 246 2135 282 2167; x_wconf 80' lang='lat' dir='ltr'><strong>el</strong></span> <span class='ocrx_word' id='word_1_266' title='bbox 311 2126 579 2178; x_wconf 76' lang='lat' dir='ltr'><strong>comparturit,</strong></span> <span class='ocrx_word' id='word_1_267' title='bbox 606 2131 675 2165; x_wconf 84' lang='lat' dir='ltr'><strong>etc.</strong></span> <span class='ocrx_word' id='word_1_268' title='bbox 711 2126 748 2164; x_wconf 93' lang='lat' dir='ltr'><strong>id</strong></span> <span class='ocrx_word' id='word_1_269' title='bbox 780 2130 857 2174; x_wconf 88' lang='lat' dir='ltr'><strong>est,</strong></span> <span class='ocrx_word' id='word_1_270' title='bbox 877 2125 982 2165; x_wconf 87' lang='lat' dir='ltr'><strong>simul</strong></span> <span class='ocrx_word' id='word_1_271' title='bbox 1017 2125 1214 2166; x_wconf 84' lang='lat' dir='ltr'><strong>condolent</strong></span> <span class='ocrx_word' id='word_1_272' title='bbox 1248 2141 1383 2180; x_wconf 79' lang='lat' dir='ltr'><strong>magno</strong></span> 
     </span>
     <span class='ocr_line' id='line_1_35' title="bbox 123 2186 1382 2243; baseline -0.002 -10"><span class='ocrx_word' id='word_1_273' title='bbox 123 2192 267 2242; x_wconf 88' lang='lat' dir='ltr'><strong>dolore,</strong></span> <span class='ocrx_word' id='word_1_274' title='bbox 287 2191 386 2243; x_wconf 80' lang='lat' dir='ltr'><strong>quasi</strong></span> <span class='ocrx_word' id='word_1_275' title='bbox 405 2188 554 2229; x_wconf 72' lang='lat' dir='ltr'><strong>feminae</strong></span> <span class='ocrx_word' id='word_1_276' title='bbox 572 2188 798 2239; x_wconf 82' lang='lat' dir='ltr'><strong>parturientis</strong></span> <span class='ocrx_word' id='word_1_277' title='bbox 811 2216 824 2237; x_wconf 88' lang='lat'>‚</span> <span class='ocrx_word' id='word_1_278' title='bbox 847 2193 884 2227; x_wconf 87' lang='lat' dir='ltr'><strong>et</strong></span> <span class='ocrx_word' id='word_1_279' title='bbox 901 2186 1153 2228; x_wconf 85' lang='lat' dir='ltr'><strong>liberationem</strong></span> <span class='ocrx_word' id='word_1_280' title='bbox 1174 2202 1276 2229; x_wconf 88' lang='lat' dir='ltr'><strong>suam</strong></span> <span class='ocrx_word' id='word_1_281' title='bbox 1298 2202 1382 2230; x_wconf 83' lang='lat' dir='ltr'><strong>cum</strong></span> 
     </span>
     <span class='ocr_line' id='line_1_36' title="bbox 121 2248 1385 2309; baseline -0.002 -12"><span class='ocrx_word' id='word_1_282' title='bbox 121 2257 260 2309; x_wconf 81' lang='lat' dir='ltr'><strong>gemitu</strong></span> <span class='ocrx_word' id='word_1_283' title='bbox 277 2258 490 2307; x_wconf 83' lang='lat' dir='ltr'><strong>exspectant</strong></span> <span class='ocrx_word' id='word_1_284' title='bbox 505 2265 617 2304; x_wconf 79' lang='lat' dir='ltr'><strong>usque</strong></span> <span class='ocrx_word' id='word_1_285' title='bbox 632 2251 773 2300; x_wconf 78' lang='lat' dir='ltr'><strong>adhuc,</strong></span> <span class='ocrx_word' id='word_1_286' title='bbox 797 2248 834 2290; x_wconf 90' lang='lat' dir='ltr'><strong>id</strong></span> <span class='ocrx_word' id='word_1_287' title='bbox 846 2256 917 2302; x_wconf 86' lang='lat' dir='ltr'><strong>est,</strong></span> <span class='ocrx_word' id='word_1_288' title='bbox 932 2251 978 2291; x_wconf 84' lang='lat' dir='ltr'><strong>ab</strong></span> <span class='ocrx_word' id='word_1_289' title='bbox 1002 2253 1105 2292; x_wconf 89' lang='lat' dir='ltr'><strong>initio</strong></span> <span class='ocrx_word' id='word_1_290' title='bbox 1121 2252 1250 2295; x_wconf 84' lang='lat' dir='ltr'><strong>mundi</strong></span> <span class='ocrx_word' id='word_1_291' title='bbox 1266 2265 1385 2307; x_wconf 79' lang='lat' dir='ltr'><strong>usquo</strong></span> 
     </span>
    </p>
   </div>
   <div class='ocr_carea' id='block_1_5' title="bbox 123 2329 238 2360">
    <p class='ocr_par' dir='ltr' id='par_1_13' title="bbox 123 2329 238 2360">
     <span class='ocr_line' id='line_1_37' title="bbox 123 2329 238 2360; baseline -0.009 0"><span class='ocrx_word' id='word_1_292' title='bbox 123 2329 238 2360; x_wconf 63' lang='lat' dir='ltr'>lunc-</span> 
     </span>
    </p>
   </div>
  </div>
 </body>
</html>
