1410 2554
170 69 224 120 ιι
526 82 743 114 tmsrom
773 83 830 113 an
861 84 1063 116 uommos

96 195 107 204 ,
219 140 360 184 Nostra
382 148 511 184 tamen
532 142 648 202 lectio
670 150 731 184 est
750 147 996 186 vetustissima
1015 161 1026 193 ;
1059 160 1130 187 nec
1151 149 1267 189 nostri
1284 151 1410 193 tantini

162 205 396 258 interpretis,
427 204 497 244 sed
529 211 567 259 et
605 205 771 244 omnium
798 207 1155 258 antiquissimorum,
1185 196 1401 253 Tertulliani

161 263 204 306 S.
224 256 375 315 henan,
392 262 432 305 S.
465 257 628 314 Hilarii,
650 262 861 314 Ambrosii,
881 263 922 306 S.
947 263 1144 318 Augustini
1167 297 1178 318 ,
1195 264 1396 322 Epiphanit

162 328 347 372 Primasii.
374 329 430 372 Sit
448 334 535 384 ergo
551 344 683 371 sensus
714 333 776 385 qui
794 330 896 371 idem
912 331 1012 382 juxta
1038 338 1203 373 naturam
1225 333 1321 375 filius
1337 330 1404 376 Da

157 388 559 447 vidis-praedestinatus
569 399 626 434 est
641 399 678 433 ut
694 392 899 434 secundum
917 407 1019 433 suam
1038 393 1314 434 subsistentiam
1329 404 1410 438 esse

159 454 330 496 naturalis
348 454 442 494 silius
462 452 532 494 Dei
552 455 590 493 in
616 454 754 495 virtute
772 483 782 502 ‚
807 461 877 494 etc.
893 453 1045 507 talisque
1066 457 1181 508 patuit
1200 455 1410 510 per‘poteffi

158 523 249 562 tiam
270 520 531 561 miraculorum
552 537 561 561 :
580 521 782 560 secundnm
802 521 984 572 Spiritum
1007 550 1018 570 ‚
1038 534 1103 574 per
1124 522 1308 563 visibssem
1327 525 1410 565 mis—

158 590 306 628 sionem
324 585 479 640 Spiritus
490 588 605 627 sancti
619 588 657 626 in
671 600 757 626 suos
779 585 999 639 discipulos:
1015 601 1065 625 ex
1081 591 1346 629 resurrectione
1357 619 1368 639 ‚
1388 604 1407 631 e

158 666 228 706 per
241 665 348 692 suam
370 653 701 692 resurrectionem:
721 650 814 691 Jesu
830 651 972 691 Christi
988 651 1147 692 Domini
1163 653 1297 704 nostri,
1314 658 1410 695 ‘tna-01

158 718 310 765 Κριςοῦ,
338 720 409 754 eie.
1270 751 1276 758 ,

215 777 315 819 Haee
332 778 447 817 verba
466 806 479 826 ‚
507 779 547 816 in
582 773 717 816 Graeco
739 803 751 825 ‚
782 782 977 816 nectuntur
1009 790 1092 816 casu
1123 777 1313 828 genitivo,
1338 791 1410 819 cun

158 844 283 884 verbis
317 842 612 896 praecedentibus
642 839 772 881 versus
790 840 966 890 secundi,
999 835 1079 892 περὶ
1101 845 1164 876 τοῦ
1181 841 1254 877 υιοὺ
1283 842 1410 895 αὐτοῦ..

159 905 207 944 de
228 902 323 956 filio
342 916 439 949 suo,·
476 901 649 954 quodque
674 899 867 941 intercedit
897 901 1024 954 legitur
1042 903 1136 941 int'er
1162 902 1410 954 parenthesim

159 966 378 1024 conformis„
393 974 448 1007 est
466 965 615 1020 Syriaca
634 968 757 1006 versio
769 997 781 1017 ‚
800 965 846 1004 de
872 965 946 1006 sitio
974 981 1042 1007 suo
1062 966 1076 1014 (
1098 968 1158 1019 qui
1175 974 1278 1008 natus
1294 975 1351 1008 est
1365 998 1410 1011 ..η

157 1042 195 1076 et
211 1037 357 1087 agnitus
374 1040 430 1074 est
459 1027 559 1073 fitius
589 1029 763 1080 Dei...)
787 1034 923 1085 nempe
947 1026 1043 1072 Jesu
1070 1028 1224 1072 Christo
1249 1021 1410 1076 'Domini

157 1103 300 1136 nostro.
326 1093 440 1135 Juxta
466 1099 631 1133 nostram
662 1092 843 1144 vulgatam
876 1093 1055 1144 significat
1084 1107 1150 1146 per
1181 1107 1283 1133 suam
1308 1096 1410 1148 ipsiu-⁴

156 1159 199 1202 J.
210 1159 255 1202 C.
275 1158 427 1200 Domini
447 1160 561 1198 nostri
583 1159 904 1198 resurrectionem.
1401 1173 1407 1211 j

212 1223 268 1277 j.
291 1226 331 1267 5.
362 1224 434 1264 Per
469 1239 577 1277 quem
606 1224 834 1275 occepimus.
853 1218 1026 1276 Explicat
1043 1226 1065 1263 ὸ
1087 1239 1159 1277 quo
1176 1239 1283 1265 suum
1311 1239 1410 1267 rece·

157 1295 250 1345 perit
275 1289 549 1345 Apostolatum‚
571 1288 617 1328 ad
643 1288 731 1341 quid
746 1318 756 1337 ,
792 1296 827 1329 et
855 1288 901 1328 ad
930 1283 1057 1341 quos?
1076 1305 1145 1342 per
1164 1304 1272 1343 quem
1289 1289 1410 1334 Jesum

154 1354 345 1396 Christum
372 1352 485 1392 filium
502 1349 632 1390 David
653 1381 662 1394 ,
683 1357 721 1390 et
741 1350 853 1390 silium
879 1347 951 1389 Dei
969 1378 980 1396 ‚
1005 1353 1212 1401 recepimus
1226 1353 1410 1401 gratiam,

152 1429 191 1462 et
215 1419 504 1462 sanctificantem
527 1423 564 1457 et
588 1419 697 1468 gratis
721 1416 840 1456 datam
862 1433 870 1461 ς
895 1418 1020 1456 omnia
1045 1415 1141 1456 dona
1159 1423 1410 1470 supernatura-

151 1483 246 1524 liaet
262 1481 427 1534 gratuita.
449 1479 499 1517 Et
515 1478 780 1529 Apostolatum
795 1504 806 1524 ‚
826 1482 864 1516 et
884 1474 1091 1528 Apostolici
1120 1479 1281 1517 muneris
1301 1475 1410 1516 sunc-

151 1552 308 1590 tionem.
331 1547 377 1586 1η
400 1545 574 1585 omnibus
597 1543 768 1595 gentibus
782 1557 797 1590 ,·
814 1536 852 1582 id
876 1548 961 1592 est,
983 1543 1077 1584 inter
1107 1555 1238 1583 ornnes
1270 1547 1410 1594 gentes.

152 1613 232 1654 Pro
250 1614 403 1654 nomine
416 1611 523 1663 ejus:
541 1610 650 1651 idest
666 1612 818 1650 nomine
837 1615 872 1650 et
892 1611 974 1649 vice
994 1611 1121 1661 ipsius,
1137 1621 1203 1661 pro
1219 1622 1293 1660 quo
1310 1607 1410 1660 lega-

153 1684 254 1722 tione
276 1680 472 1731 fungimur.
494 1677 559 1716 Ad
573 1676 814 1715 obediendum
836 1675 872 1714 F
872 1675 946 1713 idei
957 1704 968 1723 ‚
992 1672 1059 1715 Gr.
1078 1674 1124 1714 ad
1140 1673 1408 1723 obedientiam,

150 1741 296 1797 Syr-aut
315 1740 504 1781 obediant.
522 1736 574 1778 D.
598 1734 731 1791 Chrys.
746 1743 785 1776 ut
799 1735 1012 1782 obedi-‘itum
1040 1735 1078 1775 id
1096 1741 1150 1775 est
1173 1740 1211 1773 ut
1230 1734 1410 1787 praedica-

149 1800 391 1845 tiano-nostra
409 1814 540 1841 omnes
559 1805 689 1852 gentes
713 1797 890 1837 obediant
905 1795 991 1837 fidei
1014 1814 1023 1845 3
1046 1794 1250 1849 Apostolici
1273 1796 1410 1848 quippe

149 1872 311 1911 muneris
327 1875 379 1909 est
402 1866 658 1920 praedicatione
671 1870 801 1917 gentes
814 1863 988 1904 inducere
1006 1891 1017 1911 ‚
1039 1868 1076 1902 ut
1095 1875 1136 1903 se
1151 1858 1299 1902 Christo
1323 1860 1410 1903 sub·

148 1932 295 1971 mittant
316 1959 327 1979 ,
342 1932 496 1981 ejusque
514 1927 667 1968 credant
690 1923 908 1979 Evangelio.

205 1995 309 2038 Hinc
324 1998 458 2035 merito
471 1992 524 2034 D.
541 1989 676 2046 Chrys.
700 1994 737 2032 in
750 1992 824 2032 hoc
843 1993 998 2033 verbum
1007 1990 1317 2039 animadvertens,
1333 1991 1405 2031 aits

147 2057 498 2099 'Adobediendumt
526 2069 606 2095 non
626 2054 718 2095 dixit
734 2083 744 2099 ,
769 2060 806 2094 ut
829 2056 866 2093 in
888 2056 1149 2106 quaestionem,
1184 2058 1243 2092 aut
1263 2049 1406 2093 vocife-

144 2121 323 2161 rationem
339 2117 498 2158 trahatur
515 2116 602 2164 3sed
619 2123 657 2156 ut
668 2114 861 2155 obediatur
882 2128 1021 2168 :neque
1033 2115 1131 2154 enirn
1149 2113 1248 2152 missi
1261 2124 1402 2164 sumus¹

142 2187 185 2222 ut
216 2184 431 2233 argumenta
463 2185 499 2218 et
523 2177 757 2231 syllogismos
789 2176 1006 2226 asseramus,
1040 2174 1107 2215 sed
1138 2180 1175 2214 ut
1208 2170 1405 2213 reddamu-

142 2242 250 2295 quod¹
269 2242 378 2282 nobis
410 2238 664 2281 concreditum
689 2245 762 2285 οδω
799 2234 881 2279 cinn
916 2238 1015 2277 enim
1050 2232 1235 2276 Dominus
1267 2224 1404 2286 aliquid

142 2304 432 2357 pronuntiaverit
453 2333 463 2353 ‚
493 2302 683 2343 audientes
705 2301 858 2343 minime
879 2303 1025 2355 oportet
1051 2297 1194 2336 curiose
1224 2289 1402 2343 scrutari,

142 2370 364 2411 sciscitarive
381 2383 490 2422 super
506 2371 547 2410 iis
567 2382 648 2422 quae
669 2368 762 2409 dicta
780 2374 863 2410 sunt
881 2381 891 2416 3
914 2363 980 2407 sed
1001 2364 1176 2417 excipere
1192 2361 1345 2401 tautum.
