1410 2554
309 122 489 153 ‘rnmmx
522 119 751 151 exroslrro.
781 106 878 162 Cap.
907 107 1030 148 XIII.
1219 107 1301 170 339

98 183 288 227 Omnibus
312 183 473 237 denique
494 182 629 224 debitis
647 183 698 222 ita
711 179 929 230 satisfacite,
951 187 991 222 ut
1018 181 1111 222 nihil
1130 184 1301 238 cuiquam

40 249 223 297 debeatis,
250 249 320 288 nisi
340 245 553 288 charitatem
571 252 607 286 et
628 257 816 294 amorem,
840 246 941 295 cujus
957 244 1123 286 debitum
1152 249 1200 287 ita
1215 247 1300 287 sol-

41 314 139 357 vitur
158 318 197 352 ut
224 323 374 363 semper
397 314 555 350 maneat.
571 304 796 348 Charitatem
813 309 919 360 igitur
937 314 1100 349 mutuam
1129 310 1304 363 amplec-

46 376 176 415 tamini
185 402 198 422 ,
218 380 255 414 et
271 379 386 414 totam
404 371 523 423 legem
538 369 796 422 adimplebitis.

109 434 302 489 Quidquid
321 435 421 475 enim
439 433 502 473 lex
532 433 699 486 praecipit
716 438 776 472 aut
810 438 911 473 vetat
939 434 1032 474 circa
1060 436 1270 486 proximum
1287 467 1303 489 ,

46 514 86 542 v.
105 513 162 554 g.‚
188 513 236 540 ne
251 500 331 552 quis
346 496 561 538 adulterium
581 496 799 553 committat,
814 510 863 536 ne
880 498 960 551 quis
977 496 1139 549 occidat,
1156 513 1204 540 ne
1223 501 1305 553 quis

43 560 182 603 furtum
206 558 334 610 saciat,
357 573 405 600 ne
417 558 545 599 falsum
562 559 814 599 testimoninm
830 557 946 611 dicat,
972 574 1020 599 ne
1034 574 1116 600 rem
1147 562 1308 613 proximi

45 626 298 678 concupiscam
324 628 362 664 et
374 623 406 663 si
423 620 524 675 quod
537 626 591 661 est
606 619 703 659 aliud
721 626 944 672 praeceptum
957 650 967 670 ‚
984 620 1057 660 hoe
1077 635 1189 662 omne
1202 623 1310 663 brevi

46 686 229 730 charitatis
246 691 432 739 praecepto
448 684 658 724 summatim
673 679 1024 734 comprehenditur:
1044 681 1186 736 Diliges
1212 698 1311 738 pro-

46 754 190 795 ximum
202 756 304 791 tuum
314 778 328 798 ,
346 750 439 789 sicut
458 748 634 800 teipsum.

104 810 181 863 Qui
212 812 422 864 proximum
439 809 555 862 diligit
583 810 675 849 sicut
703 810 888 862 seipsum,
918 809 1057 850 nullum
1086 810 1135 851 illi
1166 811 1306 853 malum

46 873 156 915 infert
170 889 181 922 ς
198 887 309 915 omne
324 872 422 927 quod
438 877 557 926 potest
567 873 708 912 bonum
720 877 889 923 procurat
900 886 910 917 ;
925 886 1078 912 omnem
1089 887 1176 925 ergo
1184 874 1309 928 legem

45 935 221 990 adimplet
240 951 249 975 :
269 935 424 976 charitas
441 948 528 987 ergo
551 933 640 986 legis
659 940 716 974 est
735 933 857 974 totalis
875 934 1098 975 observatim

95 997 299 1048 Omnibus,
322 999 491 1051 inquam,
515 996 642 1037 debita
659 995 828 1042 reddite;
850 1003 886 1036 et
905 998 1046 1038 nemini
1075 996 1277 1052 quidquam
1293 1027 1305 1048 ‚

41 1067 176 1116 praeter
196 1059 379 1100 charitatis
396 1059 565 1100 debitum
580 1088 590 1108 ,
618 1058 694 1099 deb
720 1061 826 1100 eatis.
842 1056 892 1099 Et
909 1059 1031 1102 hocei)
1047 1062 1252 1115 promptius
1271 1067 1311 1102 et

45 1121 189 1163 fidelius
208 1122 323 1173 agite,
346 1121 448 1174 quod
477 1123 611 1162 scimus
630 1134 759 1173 urgere
790 1126 935 1174 tempus
954 1137 964 1161 ε
983 1136 1070 1164 ecce
1092 1125 1191 1164 enim
1217 1121 1310 1162 hora

50 1188 217 1226 asomno
235 1186 375 1237 peccati
411 1191 447 1224 et
468 1186 623 1237 torporis
657 1183 954 1237 expergiscendi‚
977 1192 1015 1225 et
1036 1188 1082 1226 ab
1114 1201 1158 1227 eo
1186 1190 1310 1228 statim

51 1246 247 1299 surgendi;
268 1245 564 1299 quandoquidem
585 1246 736 1300 propior
755 1251 811 1286 est
826 1251 951 1286 nostra
966 1247 1076 1298 salus,
1097 1252 1206 1303 quam
1223 1252 1309 1292 cum

53 1309 203 1352 credere
222 1311 416 1363 coepimus.

109 1368 208 1412 Ecce
222 1384 301 1412 nox
320 1369 426 1422 hujus
441 1372 527 1411 vitae
543 1371 713 1422 praeteriit
725 1397 736 1418 ‚
753 1368 899 1422 vitaque
919 1378 1091 1423 properat
1110 1371 1156 1412 ad
1165 1373 1281 1416 finem
1295 1389 1308 1424 ς

51 1433 155 1476 adest
173 1434 386 1474 aeternitatis
403 1432 480 1473 dies
497 1445 644 1485 semper
668 1431 855 1471 duratura:
875 1432 1086 1483 abjiciamus
1103 1447 1192 1488 ergo
1213 1450 1311 1488 pec-

53 1503 154 1546 cata,
194 1497 427 1536 tenebrarum
463 1508 596 1548 opera;
631 1500 670 1534 et
701 1508 799 1535 arma
828 1495 1008 1546 lucentia,
1047 1496 1148 1536 bona
1171 1498 1312 1540 scilicet

55 1573 167 1613 opera
185 1558 396 1600 induamur.

111 1623 163 1667 Et
179 1628 261 1680 quia
283 1625 362 1665 dies
373 1621 502 1670 adest,
491 1637 500 1646 ·
524 1623 616 1662 sicut
628 1624 665 1662 in
682 1621 774 1662 clara
785 1621 886 1672 luce
904 1622 1079 1664 decenter
1098 1628 1308 1680 compositi,

57 1689 313 1731 ambulemus.
331 1700 408 1728 non
435 1685 535 1726 luxui
553 1684 806 1738 indulgentes,
841 1686 879 1726 in
916 1689 1242 1730 comessationibus
1272 1698 1311 1732 et

58 1820 284 1864 servientes3
306 1828 384 1856 non
398 1828 462 1868 per
472 1778 746 1853 contentionem
758 1819 795 1852 et
808 1811 965 1854 livorem
975 1817 1100 1854 mutuo
1115 1822 1311 1859 certantes.

114 1879 190 1923 Sed
212 1878 418 1923 Dominum
446 1875 581 1918 Jesum
608 1871 817 1924 Christum,
837 1875 899 1929 qui
931 1888 997 1928 per
1032 1890 1134 1916 suam
1159 1879 1313 1930 gratiam

60 1945 201 1986 habitat
220 1946 259 1984 in
273 1941 443 1984 cordibus
460 1941 591 1982 vestris
603 1969 616 1990 ‚
644 1940 698 1979 sic
713 1940 907 1992 exprimite
923 1941 1054 1980 vestris
1074 1941 1250 1990 moribus,
1273 1947 1315 1982 ut

61 2011 142 2062 ipse
162 2007 273 2057 solus,
292 2009 478 2060 ipsiusque
509 2004 710 2052 sobrietas,
732 2004 874 2043 castitas
891 2009 928 2044 et
962 2002 1115 2044 charitas
1147 2004 1315 2046 videatur

62 2073 103 2112 in
118 2072 243 2123 vobis,
259 2071 348 2110 sicut
368 2072 406 2109 in
421 2067 573 2108 homine
586 2066 719 2107 vestito
738 2064 815 2105 sola
835 2066 947 2106 vestis
966 2072 1128 2120 apparet.

117 2131 253 2187 sieque
271 2126 462 2174 Christum
483 2129 621 2179 induti,
646 2131 807 2182 corporis
826 2127 977 2182 quidem
994 2131 1206 2172 necessitati
1222 2143 1315 2184 pro-

10 2242 11 2246 *
69 2194 263 2245 videbitis;
280 2199 316 2234 at
332 2193 411 2245 ejus
431 2193 606 2247 voluptati
622 2204 698 2233 non
718 2189 901 2234 favebitis.
