1410 2554
358 91 536 129 rumex
562 96 797 128 :nost-rm.
825 82 922 138 Cap.
950 81 1070 125 XIV.
1235 83 1317 138 367

58 155 343 212 perdoctrinam
374 152 530 198 Domini
550 148 666 206 Iesu,
690 159 714 196 ὲ
731 170 805 209 quo
823 154 911 197 illu‘d
943 155 1052 196 didici
1077 170 1086 194 ε
1117 154 1206 207 quta
1221 154 1321 195 nihil

59 234 256 260 commune
264 234 332 272 per
339 220 461 272 ipsum
473 247 488 268 ,
507 218 546 259 id
559 225 613 259 est
623 248 634 268 ‚
649 218 748 272 quod
765 217 885 258 nultus
900 218 1003 259 cibus
1017 218 1063 256 sit
1081 215 1294 259 immundus
1306 231 1318 255 ε

59 297 126 334 per
140 283 291 335 1'psum3
318 280 356 321 id
377 287 459 331 est,
483 295 548 334 per
579 277 792 330 Christum,
811 293 879 332 per
910 279 1031 334 legem
1057 275 1223 328 Christi,
1252 293 1320 332 per

61 343 180 397 legem
195 339 472 394 Evangelicam.
492 340 547 382 Ira
562 339 843 383 Tbeodoretus.
859 343 899 383 in
913 338 980 383 Gr.
995 348 1119 383 tamen
1131 341 1320 383 hodierno

62 412 140 456 est,
173 419 239 459 per
255 407 430 458 seipsum.
447 401 566 459 Syrus
584 404 718 455 habet,
742 418 791 445 ex
809 406 931 457 seipso
945 434 956 454 ‚
979 402 1164 458 Origenes
1194 419 1259 459 per
1277 419 1322 446 se

62 474 101 509 et
117 464 244 507 natura
272 465 359 512 su3;
381 467 428 506 ita
445 472 484 506 et
503 463 554 506 D.
572 463 864 518 chrysostomus
876 495 889 515 ‚
907 463 1209 519 'l'lieophylactus
1224 482 1235 512 ;
1253 479 1322 506 ac·

61 528 190 572 cenms
209 528 360 568 mutatio
374 526 470 567 hanc
489 525 571 567 facit
591 529 843 578 variationem,
865 521 909 567 «Ν
919 528 1042 565 ati-rou
1062 526 1122 566 vel
1140 524 1174 564 δι’
1193 526 1323 567 αὐτου

63 605 146 648 quae
165 593 203 631 in
223 604 263 631 re
292 603 368 630 non
379 596 434 630 est
450 602 582 641 magna
598 606 608 636 ;
627 590 709 643 quia
726 597 920 644 utrumque
943 604 1086 631 verum.

118 653 212 696 Nisi
222 656 259 692 ei
271 654 334 706 qui
348 653 543 693 existimat
561 653 651 706 quid
665 667 874 694 commune.
888 683 897 694 .
913 682 925 694 .
939 684 949 695 .
970 653 1008 694 id
1032 661 1114 702 est,
1130 655 1167 695 ei
1197 659 1323 695 tamen

65 711 278 770 qui-judicat
295 716 332 755 in
349 716 571 755 conscientia
584 744 594 764 ‚
614 714 701 756 licet
723 729 896 764 erronea,
913 716 1038 757 eibum
1056 717 1213 770 aliquem
1242 718 1324 757 im-

62 775 264 822 mundum;
285 775 355 825 illi,
375 777 541 828 inquam,
557 775 769 816 immundus
790 783 844 817 est
866 776 924 817 ille
941 779 1042 819 cibus
1055 793 1069 822 ·,
1091 791 1166 818 non
1181 791 1230 818 ex
1246 790 1323 817 V&-

26 869 34 875 .
63 838 167 878 ritate
180 866 192 886 ‚
209 836 276 877 sed
292 850 339 876 ex
356 849 495 884 errore,
509 849 573 876 seu
592 837 768 889 opinione
782 851 890 889 quam
907 841 1010 891 sequi
1024 839 1138 880 debet
1153 841 1190 880 in
1204 839 1326 892 praxi.

118 897 208 939 Duo
225 899 349 941 statuit
368 896 574 950 Apostolus
587 899 626 937 in
647 897 720 938 hoc
736 912 858 938 versu.

119 959 300 1002 Primum.
333 959 460 1002 Nullus
485 960 588 1001 cibus
623 959 750 1000 natura
778 960 841 1001 su&
871 969 926 1002 est
954 962 1179 1004 immundus.
1207 959 1332 1004 Unde-

67 1022 310 1075 colligendum
325 1022 496 1076 relinquit
513 1036 522 1060 z
541 1035 628 1074 ergo
648 1024 854 1075 promiscue
872 1023 1036 1076 quolibet
1051 1025 1137 1065 cibo
1153 1023 1237 1064 licet
1253 1026 1320 1064 uti.

120 1080 345 1126 secundum.
377 1081 455 1124 Per
492 1082 662 1124 accidens
694 1090 836 1131 tamen.
875 1092 1023 1138 propter
1056 1087 1328 1138 ignorantiam«

67 1144 193 1198 aliquis
217 1145 320 1185 cibus
338 1143 550 1184 immundus
570 1150 648 1193 est,
680 1146 715 1184 ei
733 1144 896 1194 scilicet,
923 1148 984 1199 qui
1007 1144 1192 1187 existimat
1221 1144 1326 1186 illum

65 1207 321 1258 immundum,
341 1221 405 1248 seu
441 1205 680 1260 prohibitum.
707 1205 786 1249 Hic
817 1209 940 1258 enirn,
958 1211 990 1249 si
1009 1208 1069 1249 tali
1084 1210 1169 1250 cibo
1185 1238 1196 1258 ,
1213 1222 1327 1261 quem

67 1273 251 1312 existimat
285 1268 511 1324 prohibitum
525 1298 536 1318 ‚
563 1274 733 1311 vescatur
747 1298 760 1320 ‚
794 1270 960 1323 peccabit
982 1286 992 1310 ε
1024 1272 1108 1324 quia
1125 1270 1240 1311 debet
1256 1282 1326 1310 se-

67 1333 230 1375 eundum
244 1334 506 1373 conscientiam
524 1344 651 1382 suam,
666 1331 751 1373 licet
763 1345 956 1373 erroneam
970 1361 983 1383 ‚
1001 1345 1124 1384 agere.

121 1391 173 1437 Et
190 1395 277 1436 hinc
299 1394 433 1448 colligit
447 1391 650 1448 Apostolus
666 1396 705 1434 in
719 1397 974 1448 sequentibus,
993 1395 1096 1449 quod
1110 1395 1244 1436 debeat
1256 1395 1328 1436 fir-

67 1470 149 1497 mus
168 1459 206 1497 in
223 1455 295 1497 fide
314 1456 512 1509 prudenter
531 1462 566 1496 et
578 1456 783 1497 secundum
807 1457 1020 1499 charitatem
1036 1462 1088 1500 uti
1103 1454 1330 1511 Evangelia

68 1516 237 1560 libertate
255 1521 363 1572 supro
379 1515 473 1558 dicta
486 1547 497 1567 ,
515 1524 552 1558 et
565 1531 696 1560 cavere
715 1534 764 1560 ne
785 1521 828 1560 sit
845 1521 993 1562 infirmo
1011 1524 1155 1562 occasio
1175 1521 1332 1574 pecoeti.

121 1573 167 1622 Y.
194 1578 253 1621 15.
267 1580 312 1619 Si
321 1581 420 1619 enim
436 1587 588 1632 propter
602 1579 862 1634 cibum-frater
872 1589 958 1622 tuus
967 1584 1224 1632 contristatur,
1235 1582 1347 1636 jam‘

67 1656 156 1683 non.
172 1639 240 1684 Gr.
254 1655 332 1683 non
356 1642 511 1696 amplius
514 1671 627 1684 .....

120 1699 222 1744 Nam
238 1706 269 1744 si
285 1703 393 1745 frater
412 1711 493 1745 tuus
510 1706 722 1754 existimet,
745 1706 827 1748 licet
852 1721 902 1748 ex
919 1721 1066 1757 errore,
1083 1707 1220 1760 aliquid
1246 1710 1327 1749 im·-

68 1766 250 1808 mundum
289 1780 374 1808 esse
406 1774 444 1808 ot
471 1767 558 1808 illud
585 1775 711 1810 tamen
732 1783 856 1811 coram
887 1785 934 1812 eo
966 1771 1131 1812 comedis
1150 1798 1162 1819 ,
1203 1772 1329 1824 sieque

66 1821 165 1869 illum
209 1829 402 1869 contristas
443 1835 482 1869 et
512 1830 763 1879 scandalum
810 1839 898 1874 tunc
943 1839 1071 1874 contra
1115 1833 1334 1875 charitatem

66 1901 210 1940 peccas·

121 1948 220 1992 Nola·
234 1950 318 1991 cibo
336 1958 411 1992 tuo.
427 1982 437 1993 .
450 1981 459 1993 .
470 1980 483 1992 .-
495 1949 564 1996 Gr.
578 1967 627 1994 ne
642 1954 728 1994 cibo
745 1960 808 1995 tuo
820 1955 966 2007 perdas,
980 1956 1018 1997 id
1029 1964 1102 2008 est,
1116 1971 1165 1999 ne
1180 1956 1331 1999 smtoem

69 2019 172 2054 tuum
194 2020 268 2054 tam
293 2014 404 2054 vilem
421 2013 573 2066 habeas,
597 2023 636 2057 ut
654 2030 739 2057 eum
753 2017 897 2069 perdas,
917 2031 1028 2070 quern
1053 2016 1222 2061 Christus
1239 2020 1335 2060 tanti

69 2073 170 2124 fecit,
188 2081 226 2115 ut
242 2089 309 2128 pro
324 2075 384 2115 illo
402 2082 558 2118 mortem
569 2079 691 2119 subire
699 2091 781 2119 ¹non
788 2077 1021 2120 dubitaverit.
1032 2077 1175 2121 Perdes
1186 2086 1326 2130 autem,

72 2137 105 2178 si
121 2136 243 2179 edulio
260 2143 322 2178 tuo
337 2137 404 2178 des
421 2141 651 2180 occasionem
669 2139 741 2190 illi,
755 2140 818 2181 vel
836 2146 975 2184 temere
992 2150 1027 2183 te
1042 2142 1225 2193 judicandi
1235 2171 1247 2192 ,
1267 2141 1331 2184 vel

73 2203 200 2238 contra
215 2199 477 2239 conscientiam
508 2213 611 2240 suam
645 2205 683 2241 te
715 2201 906 2254 imitandi,
930 2203 991 2245 vel
1022 2203 1070 2243 ad
1091 2201 1328 2245 Judaismum

73 2258 335 2303 scandalizatus
350 2260 540 2303 redeundi.

128 2320 231 2363 Hinc
249 2322 349 2363 disce
369 2326 542 2376 quantum
572 2327 619 2366 sit
647 2325 798 2367 infirmis
818 2326 1116 2380 compatiendum
1132 2335 1170 2369 et
1189 2328 1330 2370 conde-
