1410 2554
149 77 233 120 380
507 89 717 119 uisToLAE
746 89 802 118 AD
828 89 1027 121 nomme:

153 143 270 200 quod
310 142 555 196 praeteriens
589 141 759 186 videam
793 159 895 198 vos,
932 153 972 188 et
1005 147 1030 188 ὲ
1066 144 1187 191 vobis
1223 113 1410 192 ‹lediicar

126 213 279 270 ,jilluc‚
302 211 338 257 si
355 211 475 258 vohis
498 211 687 268 primiim
710 228 758 256 ex
778 222 896 268 paite
914 211 1064 260 fruitus
1085 215 1216 260 fuero.

205 287 271 328 25.
295 283 423 328 Nunc
441 282 569 340 igitur
590 280 836 339 proficiscar
850 282 895 327 in
908 283 1146 329 Jerusalem
1165 284 1406 333 ministrare

156 354 325 399 sanctis.

210 426 275 469 26.
308 423 610 470 Probaverunt
639 424 755 469 enim
775 425 1034 470 Macedonia
1057 435 1098 470 et
1119 426 1288 472 Achaia
1308 428 1407 474 col-—

150 494 354 541 lationem
394 495 582 552 aliquam
624 495 763 541 facere
796 496 841 541 in
878 513 1085 553 pauperes
1128 509 1372 545 sanctorum
1389 532 1401 553 ,

151 565 226 623 qui
248 576 347 612 sunt
365 566 412 610 in
431 566 682 613 Jerusalem.

211 658 277 696 27.
296 637 469 683 Placuit
486 637 600 682 enim
618 637 691 693 eis,
709 647 749 682 et
769 637 977 684 debitores
994 649 1092 684 sunt
1109 655 1274 684 eorum.
1287 638 1407 685 Nam

160 709 195 754 si
216 708 501 765 spiritualium
524 726 670 754 eorum
690 708 914 765 participes
934 709 1033 753 sacti
1050 718 1149 754 sunt
1174 708 1369 755 Gentiles
1390 728 1402 762 ;

153 780 309 826 debent
332 789 374 825 et
392 779 438 825 in
460 779 701 825 carnalibus
723 779 962 825 ministrare
982 779 1077 825 illis.

200 958 269 1001 28.
287 957 384 1000 Hoc
400 955 526 1013 igitur
546 957 645 999 clim
670 971 1018 1000 consummavero
1038 989 1049 1010 ‚
1069 964 1110 1000 et
1130 955 1403 1013 assignavero

149 1026 212 1073 eis
231 1028 419 1072 fructum
443 1026 558 1070 hunc
573 1061 585 1080 ‚
610 1043 687 1081 per
705 1044 778 1071 vos
796 1027 1041 1082 proficiscar
1059 1026 1104 1071 in
1124 1026 1402 1083 Hispaniam.

203 1165 268 1206 ²9·
291 1145 392 1191 Scio
412 1154 552 1190 aulem
577 1144 782 1201 quoniam
801 1144 976 1191 veniens
994 1145 1048 1189 ad
1070 1162 1171 1200 vos,
1193 1144 1236 1190 in
1261 1145 1402 1191 abun-

143 1217 286 1262 dantia
304 1216 615 1261 benedictionis
636 1214 860 1274 Evangelii
892 1214 1044 1263 Christi
1066 1216 1245 1261 veniam.

203 1293 270 1334 30.
291 1288 487 1333 Obsecro
512 1302 611 1341 ergo
629 1304 704 1331 vos
719 1320 732 1338 ‚
753 1287 902 1331 fraires
920 1321 930 1340 ,
954 1305 1030 1343 per
1048 1287 1279 1335 Dominum
1303 1305 1402 1334 nos-

146 1368 262 1403 trum
308 1357 461 1402 Jesum
504 1356 723 1401 Christum
741 1390 752 1410 ‚
787 1366 828 1400 et
859 1373 934 1411 per
967 1356 1216 1400 charitatem
1253 1355 1403 1401 Sancti

145 1429 350 1487 spiritns,
369 1439 412 1473 ιιι
429 1426 638 1484 adjuvetis
655 1444 723 1471 me
741 1426 786 1470 in
801 1426 1064 1472 orationibus
1078 1426 1224 1473 vestris
1237 1445 1315 1483 pro
1332 1445 1401 1473 me

146 1500 202 1544 ad
223 1503 376 1545 Deum.
1014 1492 1015 1496 Ἰ

200 1574 272 1615 31.
292 1571 354 1615 Ut
375 1570 530 1615 liberer
547 1570 598 1614 ab
620 1569 864 1613 infidelibus
885 1568 956 1624 qui
977 1578 1075 1614 sunt
1094 1568 1139 1612 in
1159 1567 1326 1624 judaea,
1360 1578 1402 1614 et

145 1642 336 1699 obsequii
350 1641 431 1687 mei
447 1641 605 1686 oblatio
622 1649 794 1697 accepta
815 1641 886 1684 fiat
902 1640 946 1683 in
965 1639 1204 1684 Jerusalem
1216 1640 1371 1690 sanctis
1386 1674 1399 1694 ‚

202 1825 269 1868 32.
292 1822 354 1867 Ut
387 1821 553 1867 veniam
581 1822 633 1866 ad
666 1838 740 1865 vos
770 1820 812 1864 in
848 1820 998 1878 gaudio
1031 1837 1106 1876 per
1140 1819 1402 1866 voluntalem

145 1894 247 1951 Dei,
272 1905 311 1939 el
332 1894 554 1952 iesiigeier
574 1892 808 1938 vobiscum.

200 2001 269 2043 33.
312 2000 423 2043 Deus
471 2008 613 2043 antem
650 1997 763 2054 pacis
797 1999 851 2044 sit
886 2015 983 2043 cum
1031 1995 1230 2042 omnibus
1266 1998 1400 2044 vobis.

146 2069 302 2115 Amen.
