<?xml version="1.0" encoding="UTF-8"?>
<!DOCTYPE html PUBLIC "-//W3C//DTD XHTML 1.0 Transitional//EN"
    "http://www.w3.org/TR/xhtml1/DTD/xhtml1-transitional.dtd">
<html xmlns="http://www.w3.org/1999/xhtml" xml:lang="en" lang="en">
 <head>
  <title>
</title>
<meta http-equiv="Content-Type" content="text/html;charset=utf-8" />
  <meta name='ocr-system' content='tesseract 3.04.00' />
  <meta name='ocr-capabilities' content='ocr_page ocr_carea ocr_par ocr_line ocrx_word'/>
</head>
<body>
  <div class='ocr_page' id='page_1' title='image "./epistolaumbpauli01picq_0273.png"; bbox 0 0 1410 2554; ppageno 0'>
   <div class='ocr_carea' id='block_1_1' title="bbox 288 40 1274 98">
    <p class='ocr_par' dir='ltr' id='par_1_1' title="bbox 288 40 1274 98">
     <span class='ocr_line' id='line_1_1' title="bbox 288 40 1274 98; baseline -0.003 -13"><span class='ocrx_word' id='word_1_1' title='bbox 288 52 471 85; x_wconf 62' lang='lat' dir='ltr'><strong>&#39;runnu</strong></span> <span class='ocrx_word' id='word_1_2' title='bbox 498 53 728 86; x_wconf 68' lang='lat' dir='ltr'><strong>uxvosrrro.</strong></span> <span class='ocrx_word' id='word_1_3' title='bbox 758 40 854 94; x_wconf 74' lang='lat' dir='ltr'><strong>Cap.</strong></span> <span class='ocrx_word' id='word_1_4' title='bbox 883 40 964 81; x_wconf 90' lang='lat' dir='ltr'><strong>IX.</strong></span> <span class='ocrx_word' id='word_1_5' title='bbox 1192 50 1274 98; x_wconf 78' lang='lat'><strong>²²9</strong></span> 
     </span>
    </p>
   </div>
   <div class='ocr_carea' id='block_1_2' title="bbox 20 109 1285 855">
    <p class='ocr_par' dir='ltr' id='par_1_2' title="bbox 20 109 1276 290">
     <span class='ocr_line' id='line_1_2' title="bbox 73 109 1275 165; baseline -0.002 -10"><span class='ocrx_word' id='word_1_6' title='bbox 73 114 230 160; x_wconf 73' lang='lat' dir='ltr'><strong>Sextum</strong></span> <span class='ocrx_word' id='word_1_7' title='bbox 243 142 256 165; x_wconf 91' lang='lat'>‚</span> <span class='ocrx_word' id='word_1_8' title='bbox 276 119 315 153; x_wconf 80' lang='lat' dir='ltr'><strong>et</strong></span> <span class='ocrx_word' id='word_1_9' title='bbox 330 114 529 165; x_wconf 70' lang='lat' dir='ltr'><em>promissio</em></span> <span class='ocrx_word' id='word_1_10' title='bbox 545 113 688 152; x_wconf 68' lang='lat' dir='ltr'><strong>caelitus</strong></span> <span class='ocrx_word' id='word_1_11' title='bbox 692 109 810 164; x_wconf 79' lang='lat' dir='ltr'><strong>sacta</strong></span> <span class='ocrx_word' id='word_1_12' title='bbox 824 111 872 152; x_wconf 80' lang='lat' dir='ltr'><strong>de</strong></span> <span class='ocrx_word' id='word_1_13' title='bbox 889 110 1051 160; x_wconf 78' lang='lat' dir='ltr'><strong>messia,</strong></span> <span class='ocrx_word' id='word_1_14' title='bbox 1069 110 1118 152; x_wconf 86' lang='lat' dir='ltr'><strong>de</strong></span> <span class='ocrx_word' id='word_1_15' title='bbox 1140 113 1275 163; x_wconf 80' lang='lat' dir='ltr'><strong>justitia</strong></span> 
     </span>
     <span class='ocr_line' id='line_1_3' title="bbox 20 171 1276 230; baseline -0.004 -10"><span class='ocrx_word' id='word_1_16' title='bbox 20 185 59 220; x_wconf 87' lang='lat' dir='ltr'><strong>et</strong></span> <span class='ocrx_word' id='word_1_17' title='bbox 76 177 197 229; x_wconf 44' lang='lat' dir='ltr'><strong>,salute</strong></span> <span class='ocrx_word' id='word_1_18' title='bbox 221 188 287 230; x_wconf 88' lang='lat' dir='ltr'><strong>per</strong></span> <span class='ocrx_word' id='word_1_19' title='bbox 309 172 498 215; x_wconf 79' lang='lat' dir='ltr'>Christum</span> <span class='ocrx_word' id='word_1_20' title='bbox 530 174 746 228; x_wconf 65' lang='lat' dir='ltr'><strong>praestanda.</strong></span> <span class='ocrx_word' id='word_1_21' title='bbox 775 171 854 214; x_wconf 88' lang='lat' dir='ltr'><strong>Alii</strong></span> <span class='ocrx_word' id='word_1_22' title='bbox 881 174 1083 226; x_wconf 82' lang='lat' dir='ltr'><strong>intelligunt</strong></span> <span class='ocrx_word' id='word_1_23' title='bbox 1110 176 1276 227; x_wconf 82' lang='lat' dir='ltr'><strong>promis-</strong></span> 
     </span>
     <span class='ocr_line' id='line_1_4' title="bbox 21 237 1262 290; baseline -0.005 -8"><span class='ocrx_word' id='word_1_24' title='bbox 21 243 164 282; x_wconf 78' lang='lat' dir='ltr'><strong>sionem</strong></span> <span class='ocrx_word' id='word_1_25' title='bbox 182 245 287 280; x_wconf 81' lang='lat' dir='ltr'><strong>terrae</strong></span> <span class='ocrx_word' id='word_1_26' title='bbox 307 253 318 278; x_wconf 73' lang='grc' dir='ltr'><strong>ι</strong></span> <span class='ocrx_word' id='word_1_27' title='bbox 339 237 440 279; x_wconf 89' lang='lat' dir='ltr'><strong>unde</strong></span> <span class='ocrx_word' id='word_1_28' title='bbox 459 244 554 278; x_wconf 84' lang='lat' dir='ltr'><strong>terra</strong></span> <span class='ocrx_word' id='word_1_29' title='bbox 570 239 838 290; x_wconf 82' lang='lat' dir='ltr'><strong>promissionis.</strong></span> <span class='ocrx_word' id='word_1_30' title='bbox 1256 269 1262 276; x_wconf 96' lang='lat'>.</span> 
     </span>
    </p>

    <p class='ocr_par' dir='ltr' id='par_1_3' title="bbox 22 299 1276 416">
     <span class='ocr_line' id='line_1_5' title="bbox 77 299 1276 356; baseline -0.002 -11"><span class='ocrx_word' id='word_1_31' title='bbox 77 302 133 355; x_wconf 59' lang='lat' dir='ltr'><strong>Y.</strong></span> <span class='ocrx_word' id='word_1_32' title='bbox 152 304 194 344; x_wconf 87' lang='lat'><strong>5.</strong></span> <span class='ocrx_word' id='word_1_33' title='bbox 223 303 391 356; x_wconf 83' lang='lat' dir='ltr'><strong>Quorum</strong></span> <span class='ocrx_word' id='word_1_34' title='bbox 408 309 547 354; x_wconf 83' lang='lat' dir='ltr'><strong>patres.</strong></span> <span class='ocrx_word' id='word_1_35' title='bbox 574 299 804 354; x_wconf 86' lang='lat' dir='ltr'><strong>Septimum,</strong></span> <span class='ocrx_word' id='word_1_36' title='bbox 832 314 987 354; x_wconf 86' lang='lat' dir='ltr'><strong>quorum</strong></span> <span class='ocrx_word' id='word_1_37' title='bbox 1024 303 1276 354; x_wconf 79' lang='lat' dir='ltr'><strong>progenitores</strong></span> 
     </span>
     <span class='ocr_line' id='line_1_6' title="bbox 22 360 1088 416; baseline -0.007 -6"><span class='ocrx_word' id='word_1_38' title='bbox 22 374 108 410; x_wconf 83' lang='lat' dir='ltr'><strong>sunt</strong></span> <span class='ocrx_word' id='word_1_39' title='bbox 124 363 315 408; x_wconf 82' lang='lat' dir='ltr'><strong>Abraham</strong></span> <span class='ocrx_word' id='word_1_40' title='bbox 327 394 340 414; x_wconf 88' lang='lat'>‚</span> <span class='ocrx_word' id='word_1_41' title='bbox 365 362 467 404; x_wconf 80' lang='lat' dir='ltr'><strong>Isaac</strong></span> <span class='ocrx_word' id='word_1_42' title='bbox 487 370 525 404; x_wconf 87' lang='lat' dir='ltr'><strong>et</strong></span> <span class='ocrx_word' id='word_1_43' title='bbox 541 362 656 403; x_wconf 84' lang='lat' dir='ltr'><strong>Jacob</strong></span> <span class='ocrx_word' id='word_1_44' title='bbox 670 393 680 412; x_wconf 84' lang='lat'><em>‚</em></span> <span class='ocrx_word' id='word_1_45' title='bbox 698 363 832 416; x_wconf 84' lang='lat' dir='ltr'><strong>aliique</strong></span> <span class='ocrx_word' id='word_1_46' title='bbox 852 360 1088 404; x_wconf 84' lang='lat' dir='ltr'><strong>Patriarchae.</strong></span> 
     </span>
    </p>

    <p class='ocr_par' dir='ltr' id='par_1_4' title="bbox 22 422 1278 540">
     <span class='ocr_line' id='line_1_7' title="bbox 80 422 1278 477; baseline -0.002 -10"><span class='ocrx_word' id='word_1_47' title='bbox 80 425 288 473; x_wconf 83' lang='lat' dir='ltr'><strong>Octavum,</strong></span> <span class='ocrx_word' id='word_1_48' title='bbox 308 431 344 464; x_wconf 89' lang='lat' dir='ltr'><strong>et</strong></span> <span class='ocrx_word' id='word_1_49' title='bbox 362 424 461 476; x_wconf 89' lang='lat' dir='ltr'><strong>quod</strong></span> <span class='ocrx_word' id='word_1_50' title='bbox 481 427 646 465; x_wconf 88' lang='lat' dir='ltr'><strong>omnium</strong></span> <span class='ocrx_word' id='word_1_51' title='bbox 669 426 872 464; x_wconf 83' lang='lat' dir='ltr'><strong>maximum</strong></span> <span class='ocrx_word' id='word_1_52' title='bbox 893 431 971 464; x_wconf 85' lang='lat' dir='ltr'><strong>est:</strong></span> <span class='ocrx_word' id='word_1_53' title='bbox 991 439 1041 464; x_wconf 75' lang='lat' dir='ltr'><strong>ex</strong></span> <span class='ocrx_word' id='word_1_54' title='bbox 1069 425 1199 477; x_wconf 80' lang='lat' dir='ltr'><strong>quibus</strong></span> <span class='ocrx_word' id='word_1_55' title='bbox 1213 422 1278 465; x_wconf 84' lang='lat' dir='ltr'><strong>Is-</strong></span> 
     </span>
     <span class='ocr_line' id='line_1_8' title="bbox 22 486 644 540; baseline -0.01 -7"><span class='ocrx_word' id='word_1_56' title='bbox 22 489 156 532; x_wconf 77' lang='lat' dir='ltr'><strong>raelitis</strong></span> <span class='ocrx_word' id='word_1_57' title='bbox 173 492 366 540; x_wconf 84' lang='lat' dir='ltr'><strong>prognatus</strong></span> <span class='ocrx_word' id='word_1_58' title='bbox 385 494 439 526; x_wconf 82' lang='lat' dir='ltr'><strong>est</strong></span> <span class='ocrx_word' id='word_1_59' title='bbox 461 486 644 527; x_wconf 75' lang='lat' dir='ltr'><strong>Christus.</strong></span> 
     </span>
    </p>

    <p class='ocr_par' dir='ltr' id='par_1_5' title="bbox 26 546 1283 733">
     <span class='ocr_line' id='line_1_9' title="bbox 78 546 1283 604; baseline -0.003 -11"><span class='ocrx_word' id='word_1_60' title='bbox 78 550 289 593; x_wconf 65' lang='lat' dir='ltr'><strong>Secundum</strong></span> <span class='ocrx_word' id='word_1_61' title='bbox 307 565 468 590; x_wconf 83' lang='lat' dir='ltr'><strong>comem.</strong></span> <span class='ocrx_word' id='word_1_62' title='bbox 490 548 557 590; x_wconf 87' lang='lat' dir='ltr'><strong>Gr.</strong></span> <span class='ocrx_word' id='word_1_63' title='bbox 575 549 675 604; x_wconf 79' lang='lat' dir='ltr'><strong>quod</strong></span> <span class='ocrx_word' id='word_1_64' title='bbox 704 549 907 589; x_wconf 73' lang='lat' dir='ltr'><strong>secundum</strong></span> <span class='ocrx_word' id='word_1_65' title='bbox 933 562 1093 590; x_wconf 87' lang='lat' dir='ltr'><strong>carnem.</strong></span> <span class='ocrx_word' id='word_1_66' title='bbox 1109 546 1283 590; x_wconf 73' lang='lat' dir='ltr'><strong>Indicam</strong></span> 
     </span>
     <span class='ocr_line' id='line_1_10' title="bbox 26 609 1280 670; baseline -0.003 -15"><span class='ocrx_word' id='word_1_67' title='bbox 26 615 126 670; x_wconf 77' lang='lat' dir='ltr'><strong>quod</strong></span> <span class='ocrx_word' id='word_1_68' title='bbox 143 613 248 654; x_wconf 78' lang='lat' dir='ltr'><strong>aliam</strong></span> <span class='ocrx_word' id='word_1_69' title='bbox 266 618 430 652; x_wconf 85' lang='lat' dir='ltr'><strong>naturam</strong></span> <span class='ocrx_word' id='word_1_70' title='bbox 446 610 610 653; x_wconf 87' lang='lat' dir='ltr'><strong>Christus</strong></span> <span class='ocrx_word' id='word_1_71' title='bbox 623 612 736 652; x_wconf 90' lang='lat' dir='ltr'><strong>habet</strong></span> <span class='ocrx_word' id='word_1_72' title='bbox 752 626 799 652; x_wconf 84' lang='lat' dir='ltr'><strong>ex</strong></span> <span class='ocrx_word' id='word_1_73' title='bbox 815 609 955 652; x_wconf 83' lang='lat' dir='ltr'><strong>Judaeis</strong></span> <span class='ocrx_word' id='word_1_74' title='bbox 966 625 1044 652; x_wconf 90' lang='lat' dir='ltr'><strong>non</strong></span> <span class='ocrx_word' id='word_1_75' title='bbox 1053 617 1280 666; x_wconf 83' lang='lat' dir='ltr'><strong>prognatam;</strong></span> 
     </span>
     <span class='ocr_line' id='line_1_11' title="bbox 26 676 770 733; baseline -0.005 -13"><span class='ocrx_word' id='word_1_76' title='bbox 26 679 128 733; x_wconf 87' lang='lat' dir='ltr'><strong>quod</strong></span> <span class='ocrx_word' id='word_1_77' title='bbox 146 684 182 718; x_wconf 91' lang='lat' dir='ltr'><strong>et</strong></span> <span class='ocrx_word' id='word_1_78' title='bbox 199 676 396 717; x_wconf 73' lang='lat' dir='ltr'><strong>formaliter</strong></span> <span class='ocrx_word' id='word_1_79' title='bbox 410 677 590 729; x_wconf 83' lang='lat' dir='ltr'><strong>significat</strong></span> <span class='ocrx_word' id='word_1_80' title='bbox 603 676 742 716; x_wconf 89' lang='lat' dir='ltr'><strong>addens</strong></span> <span class='ocrx_word' id='word_1_81' title='bbox 760 691 770 716; x_wconf 70' lang='grc' dir='ltr'>ι</span> 
     </span>
    </p>

    <p class='ocr_par' dir='ltr' id='par_1_6' title="bbox 27 738 1285 855">
     <span class='ocr_line' id='line_1_12' title="bbox 83 738 1285 792; baseline 0.002 -16"><span class='ocrx_word' id='word_1_82' title='bbox 83 739 163 792; x_wconf 80' lang='lat' dir='ltr'><strong>Qui</strong></span> <span class='ocrx_word' id='word_1_83' title='bbox 175 744 231 777; x_wconf 76' lang='lat' dir='ltr'><strong>est</strong></span> <span class='ocrx_word' id='word_1_84' title='bbox 242 740 488 790; x_wconf 78' lang='lat' dir='ltr'><strong>superomnia</strong></span> <span class='ocrx_word' id='word_1_85' title='bbox 504 739 602 778; x_wconf 79' lang='lat' dir='ltr'><strong>Deus</strong></span> <span class='ocrx_word' id='word_1_86' title='bbox 618 739 829 778; x_wconf 70' lang='lat' dir='ltr'><strong>benedictus</strong></span> <span class='ocrx_word' id='word_1_87' title='bbox 841 739 879 778; x_wconf 77' lang='lat' dir='ltr'><strong>in</strong></span> <span class='ocrx_word' id='word_1_88' title='bbox 894 740 1033 786; x_wconf 74' lang='lat' dir='ltr'><strong>soecula</strong></span> <span class='ocrx_word' id='word_1_89' title='bbox 1043 767 1059 787; x_wconf 88' lang='lat'>‚</span> <span class='ocrx_word' id='word_1_90' title='bbox 1083 738 1228 779; x_wconf 81' lang='lat' dir='ltr'><strong>Amen:</strong></span> <span class='ocrx_word' id='word_1_91' title='bbox 1247 744 1285 779; x_wconf 85' lang='lat' dir='ltr'><strong>et</strong></span> 
     </span>
     <span class='ocr_line' id='line_1_13' title="bbox 27 792 1284 855; baseline -0.001 -13"><span class='ocrx_word' id='word_1_92' title='bbox 27 806 150 842; x_wconf 80' lang='lat' dir='ltr'><strong>textus</strong></span> <span class='ocrx_word' id='word_1_93' title='bbox 171 796 326 840; x_wconf 85' lang='lat' dir='ltr'><strong>Graecus</strong></span> <span class='ocrx_word' id='word_1_94' title='bbox 340 828 352 849; x_wconf 88' lang='lat'><strong>,</strong></span> <span class='ocrx_word' id='word_1_95' title='bbox 374 807 411 840; x_wconf 91' lang='lat' dir='ltr'><strong>et</strong></span> <span class='ocrx_word' id='word_1_96' title='bbox 439 792 574 841; x_wconf 57' lang='lat' dir='ltr'><strong>(mines</strong></span> <span class='ocrx_word' id='word_1_97' title='bbox 606 803 758 840; x_wconf 88' lang='lat' dir='ltr'><strong>omnino</strong></span> <span class='ocrx_word' id='word_1_98' title='bbox 782 803 970 841; x_wconf 88' lang='lat' dir='ltr'><strong>versiones</strong></span> <span class='ocrx_word' id='word_1_99' title='bbox 989 803 1027 841; x_wconf 87' lang='lat' dir='ltr'><strong>in</strong></span> <span class='ocrx_word' id='word_1_100' title='bbox 1053 800 1255 855; x_wconf 77' lang='lat' dir='ltr'><strong>polyglotta</strong></span> <span class='ocrx_word' id='word_1_101' title='bbox 1271 830 1284 851; x_wconf 80' lang='lat'><strong>,</strong></span> 
     </span>
    </p>
   </div>
   <div class='ocr_carea' id='block_1_3' title="bbox 28 863 1284 966">
    <p class='ocr_par' dir='ltr' id='par_1_7' title="bbox 28 863 1284 966">
     <span class='ocr_line' id='line_1_14' title="bbox 28 863 1284 916; baseline -0.001 -12"><span class='ocrx_word' id='word_1_102' title='bbox 28 863 169 904; x_wconf 85' lang='lat' dir='ltr'><strong>habent</strong></span> <span class='ocrx_word' id='word_1_103' title='bbox 186 876 323 903; x_wconf 89' lang='lat' dir='ltr'><strong>nomen</strong></span> <span class='ocrx_word' id='word_1_104' title='bbox 343 864 456 912; x_wconf 78' lang='lat' dir='ltr'><strong>Deus,</strong></span> <span class='ocrx_word' id='word_1_105' title='bbox 471 870 507 904; x_wconf 89' lang='lat' dir='ltr'><strong>et</strong></span> <span class='ocrx_word' id='word_1_106' title='bbox 521 864 654 904; x_wconf 90' lang='lat' dir='ltr'><strong>eodem</strong></span> <span class='ocrx_word' id='word_1_107' title='bbox 670 863 782 903; x_wconf 89' lang='lat' dir='ltr'><strong>modo</strong></span> <span class='ocrx_word' id='word_1_108' title='bbox 797 871 995 916; x_wconf 86' lang='lat' dir='ltr'><strong>punctuant</strong></span> <span class='ocrx_word' id='word_1_109' title='bbox 1009 864 1108 904; x_wconf 90' lang='lat' dir='ltr'><strong>hunc</strong></span> <span class='ocrx_word' id='word_1_110' title='bbox 1122 877 1284 913; x_wconf 84' lang='lat' dir='ltr'><strong>versum,</strong></span> 
     </span>
     <span class='ocr_line' id='line_1_15' title="bbox 31 926 366 966; baseline -0.006 0"><span class='ocrx_word' id='word_1_111' title='bbox 31 938 76 966; x_wconf 85' lang='lat' dir='ltr'><strong>ac</strong></span> <span class='ocrx_word' id='word_1_112' title='bbox 88 931 213 966; x_wconf 88' lang='lat' dir='ltr'><strong>nostra</strong></span> <span class='ocrx_word' id='word_1_113' title='bbox 233 926 366 965; x_wconf 89' lang='lat' dir='ltr'><strong>versio.</strong></span> 
     </span>
    </p>
   </div>
   <div class='ocr_carea' id='block_1_4' title="bbox 32 984 1296 1354">
    <p class='ocr_par' dir='ltr' id='par_1_8' title="bbox 32 984 1296 1354">
     <span class='ocr_line' id='line_1_16' title="bbox 88 984 1289 1038; baseline 0.001 -12"><span class='ocrx_word' id='word_1_114' title='bbox 88 984 193 1026; x_wconf 86' lang='lat' dir='ltr'><strong>Hinc</strong></span> <span class='ocrx_word' id='word_1_115' title='bbox 223 999 301 1026; x_wconf 90' lang='lat' dir='ltr'><strong>non</strong></span> <span class='ocrx_word' id='word_1_116' title='bbox 328 985 500 1026; x_wconf 87' lang='lat' dir='ltr'><strong>audiendi</strong></span> <span class='ocrx_word' id='word_1_117' title='bbox 527 986 576 1026; x_wconf 88' lang='lat' dir='ltr'><strong>illi</strong></span> <span class='ocrx_word' id='word_1_118' title='bbox 606 988 692 1038; x_wconf 89' lang='lat' dir='ltr'><strong>qui,</strong></span> <span class='ocrx_word' id='word_1_119' title='bbox 720 992 759 1026; x_wconf 92' lang='lat' dir='ltr'><strong>ut</strong></span> <span class='ocrx_word' id='word_1_120' title='bbox 792 986 888 1026; x_wconf 91' lang='lat' dir='ltr'><strong>hanc</strong></span> <span class='ocrx_word' id='word_1_121' title='bbox 922 986 1124 1026; x_wconf 88' lang='lat' dir='ltr'><strong>divinitatis</strong></span> <span class='ocrx_word' id='word_1_122' title='bbox 1152 984 1289 1027; x_wconf 75' lang='lat' dir='ltr'><strong>Christi</strong></span> 
     </span>
     <span class='ocr_line' id='line_1_17' title="bbox 32 1048 1292 1103; baseline 0.001 -13"><span class='ocrx_word' id='word_1_123' title='bbox 32 1049 289 1103; x_wconf 86' lang='lat' dir='ltr'><strong>probationem</strong></span> <span class='ocrx_word' id='word_1_124' title='bbox 306 1051 495 1098; x_wconf 80' lang='lat' dir='ltr'><strong>minuant,</strong></span> <span class='ocrx_word' id='word_1_125' title='bbox 516 1050 573 1090; x_wconf 91' lang='lat' dir='ltr'><strong>vel</strong></span> <span class='ocrx_word' id='word_1_126' title='bbox 601 1050 726 1090; x_wconf 84' lang='lat' dir='ltr'><strong>tollunt</strong></span> <span class='ocrx_word' id='word_1_127' title='bbox 751 1048 887 1090; x_wconf 83' lang='lat' dir='ltr'><strong>nomen</strong></span> <span class='ocrx_word' id='word_1_128' title='bbox 910 1052 1031 1097; x_wconf 79' lang='lat' dir='ltr'><strong>Deus,</strong></span> <span class='ocrx_word' id='word_1_129' title='bbox 1065 1049 1126 1090; x_wconf 90' lang='lat' dir='ltr'><strong>vel</strong></span> <span class='ocrx_word' id='word_1_130' title='bbox 1150 1057 1292 1103; x_wconf 89' lang='lat' dir='ltr'><strong>ponunt</strong></span> 
     </span>
     <span class='ocr_line' id='line_1_18' title="bbox 34 1110 1290 1166; baseline 0.002 -15"><span class='ocrx_word' id='word_1_131' title='bbox 34 1117 210 1166; x_wconf 84' lang='lat' dir='ltr'><strong>punctum</strong></span> <span class='ocrx_word' id='word_1_132' title='bbox 225 1140 236 1159; x_wconf 80' lang='lat'>‚</span> <span class='ocrx_word' id='word_1_133' title='bbox 258 1118 340 1163; x_wconf 85' lang='lat' dir='ltr'><strong>post</strong></span> <span class='ocrx_word' id='word_1_134' title='bbox 368 1114 522 1159; x_wconf 57' lang='lat' dir='ltr'><strong>omnim</strong></span> <span class='ocrx_word' id='word_1_135' title='bbox 542 1115 594 1152; x_wconf 85' lang='lat' dir='ltr'><strong>sic</strong></span> <span class='ocrx_word' id='word_1_136' title='bbox 609 1142 621 1162; x_wconf 87' lang='lat'>‚</span> <span class='ocrx_word' id='word_1_137' title='bbox 649 1116 709 1164; x_wconf 90' lang='lat' dir='ltr'><strong>qui</strong></span> <span class='ocrx_word' id='word_1_138' title='bbox 733 1110 899 1153; x_wconf 83' lang='lat' dir='ltr'><strong>Christus</strong></span> <span class='ocrx_word' id='word_1_139' title='bbox 926 1120 983 1153; x_wconf 83' lang='lat' dir='ltr'><strong>est</strong></span> <span class='ocrx_word' id='word_1_140' title='bbox 1011 1126 1118 1165; x_wconf 87' lang='lat' dir='ltr'><strong>super</strong></span> <span class='ocrx_word' id='word_1_141' title='bbox 1134 1116 1263 1154; x_wconf 88' lang='lat' dir='ltr'><strong>omnia</strong></span> <span class='ocrx_word' id='word_1_142' title='bbox 1278 1144 1290 1163; x_wconf 89' lang='lat'>‚</span> 
     </span>
     <span class='ocr_line' id='line_1_19' title="bbox 35 1171 1292 1227; baseline 0.002 -12"><span class='ocrx_word' id='word_1_143' title='bbox 35 1173 252 1215; x_wconf 75' lang='lat' dir='ltr'><strong>benedictus</strong></span> <span class='ocrx_word' id='word_1_144' title='bbox 273 1174 317 1213; x_wconf 83' lang='lat' dir='ltr'><strong>sit</strong></span> <span class='ocrx_word' id='word_1_145' title='bbox 336 1172 438 1214; x_wconf 88' lang='lat' dir='ltr'><strong>Deus</strong></span> <span class='ocrx_word' id='word_1_146' title='bbox 461 1171 611 1223; x_wconf 85' lang='lat' dir='ltr'><strong>(Pater)</strong></span> <span class='ocrx_word' id='word_1_147' title='bbox 633 1177 668 1214; x_wconf 89' lang='lat' dir='ltr'><strong>in</strong></span> <span class='ocrx_word' id='word_1_148' title='bbox 691 1175 829 1214; x_wconf 77' lang='lat' dir='ltr'><strong>saecula.</strong></span> <span class='ocrx_word' id='word_1_149' title='bbox 851 1173 1022 1215; x_wconf 88' lang='lat' dir='ltr'><strong>Erasmus</strong></span> <span class='ocrx_word' id='word_1_150' title='bbox 1049 1173 1114 1213; x_wconf 86' lang='lat' dir='ltr'><strong>has</strong></span> <span class='ocrx_word' id='word_1_151' title='bbox 1142 1177 1292 1227; x_wconf 87' lang='lat' dir='ltr'><strong>quidem</strong></span> 
     </span>
     <span class='ocr_line' id='line_1_20' title="bbox 36 1230 1293 1289; baseline 0.005 -17"><span class='ocrx_word' id='word_1_152' title='bbox 36 1232 214 1274; x_wconf 84' lang='lat' dir='ltr'><strong>lectiones</strong></span> <span class='ocrx_word' id='word_1_153' title='bbox 240 1230 352 1273; x_wconf 87' lang='lat' dir='ltr'><strong>refert</strong></span> <span class='ocrx_word' id='word_1_154' title='bbox 374 1236 411 1273; x_wconf 94' lang='lat' dir='ltr'><strong>in</strong></span> <span class='ocrx_word' id='word_1_155' title='bbox 439 1236 539 1274; x_wconf 88' lang='lat' dir='ltr'><strong>notis</strong></span> <span class='ocrx_word' id='word_1_156' title='bbox 573 1250 581 1272; x_wconf 90' lang='lat'>:</span> <span class='ocrx_word' id='word_1_157' title='bbox 605 1232 792 1274; x_wconf 84' lang='lat' dir='ltr'><strong>Christum</strong></span> <span class='ocrx_word' id='word_1_158' title='bbox 824 1243 948 1276; x_wconf 87' lang='lat' dir='ltr'><strong>tamen</strong></span> <span class='ocrx_word' id='word_1_159' title='bbox 977 1235 1098 1278; x_wconf 88' lang='lat' dir='ltr'><strong>Deum</strong></span> <span class='ocrx_word' id='word_1_160' title='bbox 1122 1239 1173 1278; x_wconf 88' lang='lat' dir='ltr'><strong>ibi</strong></span> <span class='ocrx_word' id='word_1_161' title='bbox 1202 1250 1293 1289; x_wconf 89' lang='lat' dir='ltr'><strong>pro-</strong></span> 
     </span>
     <span class='ocr_line' id='line_1_21' title="bbox 37 1295 1296 1354; baseline 0.003 -18"><span class='ocrx_word' id='word_1_162' title='bbox 37 1295 160 1337; x_wconf 85' lang='lat' dir='ltr'><strong>fitetur</strong></span> <span class='ocrx_word' id='word_1_163' title='bbox 173 1326 184 1346; x_wconf 90' lang='lat'>‚</span> <span class='ocrx_word' id='word_1_164' title='bbox 201 1302 235 1336; x_wconf 88' lang='lat' dir='ltr'><strong>et</strong></span> <span class='ocrx_word' id='word_1_165' title='bbox 253 1297 289 1335; x_wconf 91' lang='lat' dir='ltr'><strong>in</strong></span> <span class='ocrx_word' id='word_1_166' title='bbox 306 1309 368 1336; x_wconf 90' lang='lat' dir='ltr'><strong>sua</strong></span> <span class='ocrx_word' id='word_1_167' title='bbox 388 1296 606 1350; x_wconf 84' lang='lat' dir='ltr'><strong>paraphrasi.</strong></span> <span class='ocrx_word' id='word_1_168' title='bbox 624 1295 760 1338; x_wconf 86' lang='lat' dir='ltr'><strong>Sensus</strong></span> <span class='ocrx_word' id='word_1_169' title='bbox 777 1312 863 1350; x_wconf 85' lang='lat' dir='ltr'><strong>ergo</strong></span> <span class='ocrx_word' id='word_1_170' title='bbox 880 1307 934 1340; x_wconf 83' lang='lat' dir='ltr'><strong>est</strong></span> <span class='ocrx_word' id='word_1_171' title='bbox 950 1316 959 1340; x_wconf 71' lang='grc' dir='ltr'><strong><em>ε</em></strong></span> <span class='ocrx_word' id='word_1_172' title='bbox 980 1304 1039 1354; x_wconf 89' lang='lat' dir='ltr'><strong>qui</strong></span> <span class='ocrx_word' id='word_1_173' title='bbox 1059 1299 1224 1342; x_wconf 81' lang='lat' dir='ltr'><strong>Christus</strong></span> <span class='ocrx_word' id='word_1_174' title='bbox 1239 1306 1296 1341; x_wconf 83' lang='lat' dir='ltr'><strong>est</strong></span> 
     </span>
    </p>
   </div>
   <div class='ocr_carea' id='block_1_5' title="bbox 39 1360 1295 1464">
    <p class='ocr_par' dir='ltr' id='par_1_9' title="bbox 39 1360 1295 1464">
     <span class='ocr_line' id='line_1_22' title="bbox 39 1360 1295 1411; baseline 0.003 -11"><span class='ocrx_word' id='word_1_175' title='bbox 39 1370 152 1410; x_wconf 84' lang='lat' dir='ltr'><strong>super</strong></span> <span class='ocrx_word' id='word_1_176' title='bbox 166 1361 288 1399; x_wconf 90' lang='lat' dir='ltr'><strong>omnia</strong></span> <span class='ocrx_word' id='word_1_177' title='bbox 305 1360 522 1401; x_wconf 81' lang='lat' dir='ltr'><strong>benedictus</strong></span> <span class='ocrx_word' id='word_1_178' title='bbox 535 1391 546 1411; x_wconf 84' lang='lat'>‚</span> <span class='ocrx_word' id='word_1_179' title='bbox 566 1361 842 1402; x_wconf 84' lang='lat' dir='ltr'><strong>benedicendus</strong></span> <span class='ocrx_word' id='word_1_180' title='bbox 860 1369 896 1402; x_wconf 86' lang='lat' dir='ltr'><strong>et</strong></span> <span class='ocrx_word' id='word_1_181' title='bbox 911 1362 1109 1404; x_wconf 85' lang='lat' dir='ltr'><strong>laudandus</strong></span> <span class='ocrx_word' id='word_1_182' title='bbox 1134 1362 1240 1404; x_wconf 86' lang='lat' dir='ltr'><strong>Deus</strong></span> <span class='ocrx_word' id='word_1_183' title='bbox 1256 1364 1295 1403; x_wconf 88' lang='lat' dir='ltr'><strong>in</strong></span> 
     </span>
     <span class='ocr_line' id='line_1_23' title="bbox 53 1418 367 1464; baseline -0.006 0"><span class='ocrx_word' id='word_1_184' title='bbox 53 1421 199 1464; x_wconf 83' lang='lat' dir='ltr'><strong>saecu&#39;a.</strong></span> <span class='ocrx_word' id='word_1_185' title='bbox 226 1418 367 1462; x_wconf 88' lang='lat' dir='ltr'><strong>Amen.</strong></span> 
     </span>
    </p>
   </div>
   <div class='ocr_carea' id='block_1_6' title="bbox 404 1535 928 1675">
    <p class='ocr_par' dir='ltr' id='par_1_10' title="bbox 404 1535 928 1675">
     <span class='ocr_line' id='line_1_24' title="bbox 404 1535 928 1566; baseline 0.006 -3"><span class='ocrx_word' id='word_1_186' title='bbox 404 1535 656 1564; x_wconf 74' lang='lat' dir='ltr'>REFLEXIO</span> <span class='ocrx_word' id='word_1_187' title='bbox 688 1535 928 1566; x_wconf 69' lang='lat' dir='ltr'><strong>MORALIS</strong></span> 
     </span>
     <span class='ocr_line' id='line_1_25' title="bbox 548 1621 783 1675; baseline 0.009 -12"><span class='ocrx_word' id='word_1_188' title='bbox 548 1626 591 1663; x_wconf 78' lang='lat' dir='ltr'><strong>in</strong></span> <span class='ocrx_word' id='word_1_189' title='bbox 611 1621 666 1673; x_wconf 60' lang='lat' dir='ltr'><strong>y,</strong></span> <span class='ocrx_word' id='word_1_190' title='bbox 689 1626 727 1675; x_wconf 91' lang='grc'><strong>4.</strong></span> <span class='ocrx_word' id='word_1_191' title='bbox 746 1624 783 1665; x_wconf 89' lang='grc'><strong>5.</strong></span> 
     </span>
    </p>
   </div>
   <div class='ocr_carea' id='block_1_7' title="bbox 47 1726 1310 2356">
    <p class='ocr_par' dir='ltr' id='par_1_11' title="bbox 47 1726 1310 2356">
     <span class='ocr_line' id='line_1_26' title="bbox 99 1726 1300 1788; baseline 0.006 -18"><span class='ocrx_word' id='word_1_192' title='bbox 99 1726 238 1783; x_wconf 82' lang='lat' dir='ltr'><strong>Magna</strong></span> <span class='ocrx_word' id='word_1_193' title='bbox 256 1729 404 1784; x_wconf 87' lang='lat' dir='ltr'><strong>quidem</strong></span> <span class='ocrx_word' id='word_1_194' title='bbox 418 1729 499 1770; x_wconf 81' lang='lat' dir='ltr'><strong>haec</strong></span> <span class='ocrx_word' id='word_1_195' title='bbox 515 1729 754 1772; x_wconf 85' lang='lat' dir='ltr'><strong>Israelitarum</strong></span> <span class='ocrx_word' id='word_1_196' title='bbox 768 1734 950 1787; x_wconf 83' lang='lat' dir='ltr'><strong>privilegia</strong></span> <span class='ocrx_word' id='word_1_197' title='bbox 965 1741 1017 1774; x_wconf 88' lang='lat' dir='ltr'><strong>:at</strong></span> <span class='ocrx_word' id='word_1_198' title='bbox 1029 1734 1300 1788; x_wconf 81' lang='lat' dir='ltr'><strong>privilegiorum</strong></span> 
     </span>
     <span class='ocr_line' id='line_1_27' title="bbox 47 1788 1299 1852; baseline 0.006 -19"><span class='ocrx_word' id='word_1_199' title='bbox 47 1788 263 1833; x_wconf 85' lang='lat' dir='ltr'><strong>Christianis</strong></span> <span class='ocrx_word' id='word_1_200' title='bbox 299 1807 556 1834; x_wconf 84' lang='lat' dir='ltr'><strong>concessorum</strong></span> <span class='ocrx_word' id='word_1_201' title='bbox 595 1796 721 1848; x_wconf 84' lang='lat' dir='ltr'><strong>figurae</strong></span> <span class='ocrx_word' id='word_1_202' title='bbox 744 1801 908 1838; x_wconf 76' lang='lat' dir='ltr'><strong>tantum:</strong></span> <span class='ocrx_word' id='word_1_203' title='bbox 931 1799 991 1839; x_wconf 68' lang='lat' dir='ltr'><strong>sulii</strong></span> <span class='ocrx_word' id='word_1_204' title='bbox 1014 1798 1083 1839; x_wconf 88' lang='lat' dir='ltr'><strong>Dei</strong></span> <span class='ocrx_word' id='word_1_205' title='bbox 1103 1800 1266 1852; x_wconf 89' lang='lat' dir='ltr'><strong>adoptivi</strong></span> <span class='ocrx_word' id='word_1_206' title='bbox 1286 1831 1299 1851; x_wconf 84' lang='lat'>‚</span> 
     </span>
     <span class='ocr_line' id='line_1_28' title="bbox 50 1855 1301 1911; baseline 0.006 -15"><span class='ocrx_word' id='word_1_207' title='bbox 50 1861 87 1896; x_wconf 85' lang='lat' dir='ltr'><strong>et</strong></span> <span class='ocrx_word' id='word_1_208' title='bbox 109 1855 257 1908; x_wconf 89' lang='lat' dir='ltr'><strong>quidem</strong></span> <span class='ocrx_word' id='word_1_209' title='bbox 285 1858 464 1906; x_wconf 81' lang='lat' dir='ltr'><strong>majores.</strong></span> <span class='ocrx_word' id='word_1_210' title='bbox 487 1856 570 1896; x_wconf 83' lang='lat' dir='ltr'><strong>facti</strong></span> <span class='ocrx_word' id='word_1_211' title='bbox 598 1872 721 1899; x_wconf 86' lang='lat' dir='ltr'><strong>sumus</strong></span> <span class='ocrx_word' id='word_1_212' title='bbox 753 1873 816 1911; x_wconf 89' lang='lat' dir='ltr'><strong>per</strong></span> <span class='ocrx_word' id='word_1_213' title='bbox 837 1858 1065 1911; x_wconf 83' lang='lat' dir='ltr'><strong>Baptismum</strong></span> <span class='ocrx_word' id='word_1_214' title='bbox 1094 1877 1102 1900; x_wconf 80' lang='lat' dir='ltr'><strong><em>z</em></strong></span> <span class='ocrx_word' id='word_1_215' title='bbox 1132 1864 1169 1901; x_wconf 93' lang='lat' dir='ltr'><strong>in</strong></span> <span class='ocrx_word' id='word_1_216' title='bbox 1195 1864 1301 1904; x_wconf 87' lang='lat' dir='ltr'><strong>nobis</strong></span> 
     </span>
     <span class='ocr_line' id='line_1_29' title="bbox 51 1910 1302 1975; baseline 0.006 -19"><span class='ocrx_word' id='word_1_217' title='bbox 51 1910 220 1956; x_wconf 79' lang='lat' dir='ltr'><strong>Christus</strong></span> <span class='ocrx_word' id='word_1_218' title='bbox 237 1922 273 1956; x_wconf 92' lang='lat' dir='ltr'><strong>et</strong></span> <span class='ocrx_word' id='word_1_219' title='bbox 286 1916 474 1969; x_wconf 83' lang='lat' dir='ltr'><strong>plenitudo</strong></span> <span class='ocrx_word' id='word_1_220' title='bbox 496 1920 604 1959; x_wconf 88' lang='lat' dir='ltr'><strong>totius</strong></span> <span class='ocrx_word' id='word_1_221' title='bbox 622 1920 820 1960; x_wconf 82' lang='lat' dir='ltr'><strong>divinitatis</strong></span> <span class='ocrx_word' id='word_1_222' title='bbox 832 1920 969 1961; x_wconf 83' lang='lat' dir='ltr'><strong>habitat</strong></span> <span class='ocrx_word' id='word_1_223' title='bbox 986 1922 1221 1975; x_wconf 81' lang='lat' dir='ltr'><strong>corporaliter</strong></span> <span class='ocrx_word' id='word_1_224' title='bbox 1236 1937 1302 1975; x_wconf 91' lang='lat' dir='ltr'><strong>per</strong></span> 
     </span>
     <span class='ocr_line' id='line_1_30' title="bbox 49 1973 1300 2035; baseline 0.007 -19"><span class='ocrx_word' id='word_1_225' title='bbox 49 1973 119 2016; x_wconf 88' lang='lat' dir='ltr'><strong>SS.</strong></span> <span class='ocrx_word' id='word_1_226' title='bbox 135 1975 399 2017; x_wconf 72' lang='lat' dir='ltr'><strong>Eucharistiam</strong></span> <span class='ocrx_word' id='word_1_227' title='bbox 415 1979 627 2020; x_wconf 88' lang='lat' dir='ltr'><strong>:nobiscum</strong></span> <span class='ocrx_word' id='word_1_228' title='bbox 647 1979 748 2021; x_wconf 83' lang='lat' dir='ltr'><strong>Deus</strong></span> <span class='ocrx_word' id='word_1_229' title='bbox 764 1984 841 2022; x_wconf 89' lang='lat' dir='ltr'><strong>iniit</strong></span> <span class='ocrx_word' id='word_1_230' title='bbox 859 1982 977 2023; x_wconf 86' lang='lat' dir='ltr'><strong>foedus</strong></span> <span class='ocrx_word' id='word_1_231' title='bbox 987 1990 1022 2023; x_wconf 87' lang='lat' dir='ltr'><strong>et</strong></span> <span class='ocrx_word' id='word_1_232' title='bbox 1031 1984 1179 2035; x_wconf 83' lang='lat' dir='ltr'><strong>quidem</strong></span> <span class='ocrx_word' id='word_1_233' title='bbox 1190 1991 1300 2025; x_wconf 85' lang='lat' dir='ltr'><strong>aeter-</strong></span> 
     </span>
     <span class='ocr_line' id='line_1_31' title="bbox 50 2038 1304 2096; baseline 0.007 -18"><span class='ocrx_word' id='word_1_234' title='bbox 50 2050 140 2078; x_wconf 86' lang='lat' dir='ltr'><strong>num</strong></span> <span class='ocrx_word' id='word_1_235' title='bbox 162 2053 171 2076; x_wconf 93' lang='lat'><strong>:</strong></span> <span class='ocrx_word' id='word_1_236' title='bbox 187 2038 296 2078; x_wconf 89' lang='lat' dir='ltr'><strong>nobis</strong></span> <span class='ocrx_word' id='word_1_237' title='bbox 318 2039 421 2079; x_wconf 79' lang='lat' dir='ltr'><strong>datus</strong></span> <span class='ocrx_word' id='word_1_238' title='bbox 438 2047 491 2080; x_wconf 85' lang='lat' dir='ltr'><strong>est</strong></span> <span class='ocrx_word' id='word_1_239' title='bbox 509 2042 543 2080; x_wconf 92' lang='lat' dir='ltr'><strong>in</strong></span> <span class='ocrx_word' id='word_1_240' title='bbox 564 2042 674 2082; x_wconf 88' lang='lat' dir='ltr'><strong>corde</strong></span> <span class='ocrx_word' id='word_1_241' title='bbox 693 2041 846 2096; x_wconf 81' lang='lat' dir='ltr'><strong>Spiritus</strong></span> <span class='ocrx_word' id='word_1_242' title='bbox 865 2043 937 2085; x_wconf 88' lang='lat' dir='ltr'><strong>Dei</strong></span> <span class='ocrx_word' id='word_1_243' title='bbox 963 2041 1133 2086; x_wconf 82' lang='lat' dir='ltr'><strong>vivificus</strong></span> <span class='ocrx_word' id='word_1_244' title='bbox 1147 2054 1183 2086; x_wconf 91' lang='lat' dir='ltr'><strong>et</strong></span> <span class='ocrx_word' id='word_1_245' title='bbox 1198 2049 1304 2087; x_wconf 89' lang='lat' dir='ltr'><strong>vivi-</strong></span> 
     </span>
     <span class='ocr_line' id='line_1_32' title="bbox 52 2098 1309 2162; baseline 0.012 -25"><span class='ocrx_word' id='word_1_246' title='bbox 52 2098 184 2146; x_wconf 86' lang='lat' dir='ltr'><strong>ficans;</strong></span> <span class='ocrx_word' id='word_1_247' title='bbox 202 2114 277 2141; x_wconf 91' lang='lat' dir='ltr'><strong>non</strong></span> <span class='ocrx_word' id='word_1_248' title='bbox 294 2101 408 2142; x_wconf 87' lang='lat' dir='ltr'><strong>littera</strong></span> <span class='ocrx_word' id='word_1_249' title='bbox 425 2104 597 2148; x_wconf 88' lang='lat' dir='ltr'><strong>occidens</strong></span> <span class='ocrx_word' id='word_1_250' title='bbox 616 2108 651 2145; x_wconf 88' lang='lat' dir='ltr'><strong>in</strong></span> <span class='ocrx_word' id='word_1_251' title='bbox 669 2107 796 2146; x_wconf 85' lang='lat' dir='ltr'><strong>tabulis</strong></span> <span class='ocrx_word' id='word_1_252' title='bbox 811 2108 959 2162; x_wconf 83' lang='lat' dir='ltr'><strong>lapideis</strong></span> <span class='ocrx_word' id='word_1_253' title='bbox 978 2124 988 2155; x_wconf 76' lang='grc' dir='ltr'>ς</span> <span class='ocrx_word' id='word_1_254' title='bbox 1011 2111 1116 2149; x_wconf 88' lang='lat' dir='ltr'><strong>nobis</strong></span> <span class='ocrx_word' id='word_1_255' title='bbox 1131 2110 1233 2151; x_wconf 79' lang='lat' dir='ltr'><strong>datus</strong></span> <span class='ocrx_word' id='word_1_256' title='bbox 1251 2117 1309 2153; x_wconf 81' lang='lat' dir='ltr'><strong>est</strong></span> 
     </span>
     <span class='ocr_line' id='line_1_33' title="bbox 54 2160 1310 2223; baseline 0.011 -20"><span class='ocrx_word' id='word_1_257' title='bbox 54 2160 132 2204; x_wconf 82' lang='lat' dir='ltr'><strong>Dei</strong></span> <span class='ocrx_word' id='word_1_258' title='bbox 157 2166 270 2206; x_wconf 90' lang='lat' dir='ltr'><strong>cultus</strong></span> <span class='ocrx_word' id='word_1_259' title='bbox 302 2169 451 2209; x_wconf 85' lang='lat' dir='ltr'><strong>interior</strong></span> <span class='ocrx_word' id='word_1_260' title='bbox 479 2176 516 2209; x_wconf 90' lang='lat' dir='ltr'><strong>et</strong></span> <span class='ocrx_word' id='word_1_261' title='bbox 544 2172 758 2223; x_wconf 86' lang='lat' dir='ltr'><strong>spiritualis·‚</strong></span> <span class='ocrx_word' id='word_1_262' title='bbox 798 2187 875 2214; x_wconf 89' lang='lat' dir='ltr'><strong>non</strong></span> <span class='ocrx_word' id='word_1_263' title='bbox 904 2177 1065 2215; x_wconf 87' lang='lat' dir='ltr'><strong>exterior</strong></span> <span class='ocrx_word' id='word_1_264' title='bbox 1092 2179 1228 2217; x_wconf 73' lang='lat' dir='ltr'><strong>tantum</strong></span> <span class='ocrx_word' id='word_1_265' title='bbox 1272 2183 1310 2218; x_wconf 88' lang='lat' dir='ltr'><strong>et</strong></span> 
     </span>
     <span class='ocr_line' id='line_1_34' title="bbox 56 2229 1304 2294; baseline 0.01 -26"><span class='ocrx_word' id='word_1_266' title='bbox 56 2229 317 2270; x_wconf 83' lang='lat' dir='ltr'><strong>caeremonialis</strong></span> <span class='ocrx_word' id='word_1_267' title='bbox 337 2246 347 2270; x_wconf 86' lang='lat'>:</span> <span class='ocrx_word' id='word_1_268' title='bbox 368 2233 476 2272; x_wconf 90' lang='lat' dir='ltr'><strong>nobis</strong></span> <span class='ocrx_word' id='word_1_269' title='bbox 499 2229 678 2285; x_wconf 83' lang='lat' dir='ltr'><strong>promissa</strong></span> <span class='ocrx_word' id='word_1_270' title='bbox 698 2236 891 2278; x_wconf 76' lang='lat' dir='ltr'><strong>haereditas</strong></span> <span class='ocrx_word' id='word_1_271' title='bbox 907 2245 1058 2287; x_wconf 70' lang='lat' dir='ltr'><strong>aeterna,</strong></span> <span class='ocrx_word' id='word_1_272' title='bbox 1081 2238 1151 2280; x_wconf 88' lang='lat' dir='ltr'><strong>Dei</strong></span> <span class='ocrx_word' id='word_1_273' title='bbox 1171 2243 1304 2294; x_wconf 80' lang='lat' dir='ltr'><strong>ipsius,</strong></span> 
     </span>
     <span class='ocr_line' id='line_1_35' title="bbox 55 2293 1308 2356; baseline 0.012 -25"><span class='ocrx_word' id='word_1_274' title='bbox 55 2293 177 2334; x_wconf 78' lang='lat' dir='ltr'><strong>omnis</strong></span> <span class='ocrx_word' id='word_1_275' title='bbox 200 2293 313 2343; x_wconf 81' lang='lat' dir='ltr'><strong>boni,</strong></span> <span class='ocrx_word' id='word_1_276' title='bbox 343 2293 490 2339; x_wconf 79' lang='lat' dir='ltr'><strong>fruitio:</strong></span> <span class='ocrx_word' id='word_1_277' title='bbox 510 2295 614 2340; x_wconf 89' lang='lat' dir='ltr'><strong>Deus</strong></span> <span class='ocrx_word' id='word_1_278' title='bbox 643 2299 802 2356; x_wconf 85' lang='lat' dir='ltr'><strong>denique</strong></span> <span class='ocrx_word' id='word_1_279' title='bbox 825 2300 936 2344; x_wconf 84' lang='lat' dir='ltr'><strong>Pater</strong></span> <span class='ocrx_word' id='word_1_280' title='bbox 960 2309 1108 2355; x_wconf 86' lang='lat' dir='ltr'><strong>noster,</strong></span> <span class='ocrx_word' id='word_1_281' title='bbox 1141 2302 1308 2346; x_wconf 83' lang='lat' dir='ltr'><strong>Christus</strong></span> 
     </span>
    </p>
   </div>
  </div>
 </body>
</html>
