1410 2554
160 68 244 120 4¹4
521 80 734 111 uersa-orm
762 81 822 112 nn
847 80 1053 113 nominos

159 141 310 181 molatio
336 139 498 181 hominis
515 136 611 190 Dei,
635 144 673 182 in
695 140 880 182 honorem
898 139 996 193 Dei,
1017 148 1054 183 et
1073 151 1343 200 consequenter
1357 158 1410 186 sa-

162 203 338 243 crificium
354 200 441 243 Deo
462 203 613 257 dignum
627 234 638 254 ,
667 203 851 245 honorem
870 201 954 245 Deo
980 197 1299 258 'proportionatum
1331 206 1410 249 red-

161 265 278 313 dens,
301 261 528 318 Deumque,
547 268 719 318 quantum
733 266 810 306 fieri
828 272 973 317 potest,
986 266 1205 319 glorificans.

216 321 280 365 Ex
301 340 374 379 quo
391 329 610 377 resurrexit,
643 333 677 367 et
700 326 877 379 gloriosus
903 329 942 366 in
961 327 1073 367 coelos
1091 328 1277 380 ascendit,
1297 325 1410 370 Deuu

160 386 303 426 infinite
326 387 499 439 glorificat
517 389 554 427 in
573 389 676 428 terris
697 393 734 427 et
756 390 794 427 in
810 387 922 428 coetis.
968 429 971 433 ,

215 451 262 493 In
281 456 403 504 terris,
423 460 458 494 et
479 454 630 506 quidem
646 453 785 507 ubique
801 461 975 494 terrarum
988 484 1000 505 ,
1017 468 1128 507 super
1151 451 1281 504 altare,
1298 454 1364 496 ubi
1381 457 1410 497 ir.

159 519 386 559 sanctissima
421 512 652 557 Eucharistia
681 519 855 557 continue
881 524 916 557 et
941 531 1086 570 semper
1105 518 1152 558 ad
1170 513 1242 558 Dei
1267 518 1410 570 gloriani

158 583 387 630 immolatum
406 583 469 623 ubi
491 585 664 623 continue
685 589 720 624 et
739 597 886 636 semper
902 580 1027 624 Deum
1040 583 1190 636 adorat,
1210 585 1248 624 in
1265 583 1410 626 nihilurr

157 650 260 702 quasi
277 647 454 687 redactus.

211 708 257 750 In
276 707 377 750 coelis
399 723 520 750 coram
536 708 669 749 throno
689 703 783 758 Dei,
807 710 892 758 ubi,
912 715 1005 750 teste
1024 705 1083 751 D.
1102 707 1248 751 Joanne
1261 740 1272 761 ,
1291 707 1410 765 Apoc,

156 773 197 813 5.
212 771 250 813 6.
263 803 274 822 ,
290 773 420 825 Agnus
445 780 514 813 stat
528 772 626 813 velut
646 773 808 818 occisus;
825 773 862 812 id
882 778 956 820 est,
979 775 1017 813 in
1038 776 1215 827 passionis
1233 787 1311 815 suae
1325 788 1410 815 me-

156 835 332 884 moriam,
354 848 416 874 sua
436 848 535 874 sacra
551 834 718 885 stigmata
746 827 840 872 Deo
870 846 1016 887 semper
1037 833 1213 885 exhibet,
1237 833 1410 888 interpel-

156 899 243 937 lans
265 911 333 949 pro
363 898 488 950 nobis,
519 902 556 936 et
586 897 624 936 in
647 901 826 935 aeternum
847 895 1040 937 exhibebit
1072 897 1118 938 ad
1149 904 1324 938 aeternam
1343 896 1410 940 Dei

156 959 325 1012 gloriam.

209 1019 363 1062 Etenim
393 1020 456 1069 (et
472 1019 546 1060 hoc
570 1021 669 1061 bene
689 1019 802 1069 nota)
823 1020 910 1072 quia,
931 1018 1022 1060 nihil
1040 1033 1203 1072 unquam
1219 1017 1345 1062 Deum
1368 1023 1410 1063 ita

157 1080 392 1133 glorificavit,
417 1095 458 1120 ac
475 1087 622 1121 cruenta
653 1078 740 1120 Filii
763 1078 858 1129 Dei,
881 1079 927 1119 ad
945 1078 1022 1120 Dei
1038 1081 1190 1132 gloriam
1215 1082 1410 1124 immolatio

158 1157 261 1199 quae,
279 1147 454 1197 quantum
475 1145 554 1184 fieri
576 1150 720 1197 potest,
736 1141 859 1183 Deum
878 1143 1115 1195 glorificavit;

210 1207 319 1248 Hinc
331 1210 410 1261 ipse
428 1206 542 1248 Filius
562 1206 635 1248 Dei
652 1239 663 1259 ‚
684 1207 779 1247 hanc
796 1207 852 1247 sut
875 1208 1164 1248 immolationem
1178 1207 1224 1248 ad
1245 1206 1319 1262 Dei
1330 1208 1410 1262 glo-

154 1274 268 1323 riam,
286 1285 404 1324 usque
433 1271 479 1311 ad
503 1272 858 1311 consummationem
877 1270 1092 1311 saeculorum
1113 1273 1273 1324 mystice
1289 1275 1410 1314 conti-

155 1342 244 1376 nuat
264 1341 302 1375 et
322 1335 547 1375 continuabit
561 1336 699 1387 ubique
719 1341 908 1374 terrarum.

210 1397 316 1438 Hinc
332 1405 369 1439 et
384 1397 498 1439 Filius
515 1397 589 1439 Dei
606 1398 702 1438 hanc
718 1397 771 1438 sui
795 1397 1084 1439 immolationem
1102 1398 1150 1439 ad
1173 1396 1247 1440 Dei
1262 1399 1410 1454 gloriam

151 1464 193 1503 in
210 1470 390 1504 aeternum
403 1469 639 1516 repraesentat
660 1469 697 1502 et
716 1463 989 1514 repraesentabit
1006 1464 1044 1502 in
1066 1462 1178 1503 ecelis.

209 1526 287 1569 Per
304 1526 489 1570 Christum
507 1531 628 1580 itaque
647 1526 728 1567 coeli
751 1533 786 1566 et
806 1533 899 1566 terra
911 1526 1007 1578 pleni
1027 1533 1110 1567 sunt
1126 1523 1241 1579 glori&
1254 1523 1344 1569 Dei.

210 1587 296 1642 Ipse
313 1589 412 1630 solus
435 1596 490 1629 cst
507 1588 619 1641 gloria
639 1585 737 1639 Dei,
755 1587 869 1641 gloria
890 1587 1052 1639 infinita,
1075 1587 1308 1640 universatis,
1325 1586 1410 1630 Deo

154 1655 280 1709 digna.

205 1717 330 1760 Nobis
345 1719 465 1770 itaque
481 1715 605 1773 Deum
625 1715 893 1770 glorificaturis,
917 1716 1006 1770 quid
1028 1716 1261 1758 faciendum?

207 1777 376 1820 Christus
389 1809 400 1828 ‚
421 1778 492 1819 Dei
511 1778 642 1832 gloria,
661 1775 744 1818 Deo
759 1776 979 1822 offerendus.

209 1839 305 1881 Cum
323 1837 510 1893 Apostolo
544 1842 653 1881 nobis
674 1839 896 1882 dicendum:
918 1841 1000 1880 Deo
1017 1840 1069 1881 sz't
1095 1838 1217 1881 honor
1240 1846 1278 1881 et
1291 1838 1410 1892 gloria

152 1918 219 1956 per
230 1904 359 1944 Jesum
376 1903 579 1942 Clu-istum.

206 1968 287 2007 Deo
303 1969 352 2007 sit
371 1967 489 2006 honor
505 1975 540 2006 et
556 1967 676 2018 gloria
694 1968 732 2007 in
750 1964 849 2007 coelis
864 1981 931 2019 per
946 1965 1076 2007 Jesum
1096 1965 1286 2007 Christum
1301 1995 1314 2014 ,
1337 1965 1410 2018 ibij

145 2036 298 2083 propter
313 2032 473 2083 quinque
485 2029 676 2070 vulnerum
697 2030 882 2069 cicatrices
896 2058 906 2077 ,
927 2042 1012 2083 quas
1028 2030 1065 2069 in
1085 2042 1238 2084 corpore
1251 2028 1410 2081 glorioso

148 2093 372 2140 reservavit,
394 2098 555 2131 staffilem
569 2099 750 2144 tunquam
771 2092 949 2131 occisum.

204 2153 288 2192 Deo
301 2154 351 2191 sie
366 2153 486 2194 honor
499 2162 535 2193 et
548 2155 667 2205 glor-ia
688 2155 724 2193 in
745 2154 847 2192 terris
867 2167 934 2203 per
953 2149 1081 2192 Jesum
1102 2148 1297 2193 Christum
1307 2166 1325 2201 ‚·
1341 2165 1410 2194 su·

150 2228 218 2267 per
234 2214 342 2256 altare
371 2218 407 2256 in
435 2223 662 2257 sacrosancta
686 2213 913 2256 Eucharistia
935 2216 1088 2268 mystice
1104 2228 1251 2269 semper
1267 2217 1410 2256 immo-

147 2276 280 2327 latum,
299 2285 335 2319 et
357 2281 393 2319 in
412 2279 670 2321 immolationis
691 2285 783 2319 statu
804 2278 941 2331 ubique
963 2284 1234 2319 conservatum.

205 2341 288 2382 Deo
319 2345 370 2383 sit
388 2344 508 2384 Ιιοιιοι·
533 2351 569 2384 ct
591 2344 712 2396 gloria
737 2347 772 2383 et
792 2343 830 2382 in
849 2341 948 2382 coelis
965 2343 1056 2383 etin
1073 2343 1176 2383 terris
1189 2355 1260 2394 per
1270 2334 1410 2381 lesum
