1410 2554
88 76 182 127 24⁴»
446 75 655 115 ems-rom
684 80 741 110 An
764 58 973 111 nouenos

142 142 196 187 Et
207 145 282 187 boc
294 157 363 185 nos
381 144 490 184 docet
503 143 585 183 haec
603 141 838 196 comparatio
845 153 894 181 ex
917 137 1117 231 Prophetis
1134 139 1343 194 desumpta,

87 215 129 250 et
145 210 184 248 in
206 221 316 247 sensu
323 205 473 246 litterali
490 203 683 244 intellecta.

144 267 249 309 Cave
263 274 385 308 autem
400 281 448 307 ne
464 265 512 305 ad
528 264 663 317 opificii
676 265 857 303 rationem
875 263 1062 303 existimes
1077 261 1162 303 haec
1182 265 1203 302 ὲ
1229 260 1346 304 Paulo

89 331 186 371 dicta
203 329 333 378 fuisse,
358 331 406 368 ait
426 326 476 368 D.
499 323 639 378 Chrys.
656 325 741 365 alias
773 323 861 365 hinc
882 324 994 365 multa
1012 331 1256 379 sequerentur
1272 326 1347 366 ab·

91 391 199 432 surda
212 421 225 442 ‚
244 397 313 431 etc.
330 406 340 437 ς
363 397 400 430 et
425 387 476 431 D.
497 386 633 428 Paulus
654 387 715 439 qui
738 386 874 439 ubique
892 387 1009 439 ipsam
1025 386 1252 427 voluntatem
1275 399 1349 426 co-

92 461 220 504 ronat,
241 468 366 494 secum
381 456 459 507 ipse
470 458 662 505 pugnaret.
681 448 856 491 ldem‘D.
877 447 1182 504 chrysostomus.

149 514 239 555 Hoc
272 518 409 555 etenim
437 515 634 555 discrimen
659 519 715 555 est
744 516 839 553 inter
858 512 1029 553 homines
1059 519 1097 553 et
1115 526 1201 553 vasa
1227 511 1346 564 lutea,

94 578 197 632 quod
211 577 383 618 homines
397 590 483 617 vasa
499 579 572 616 sint
589 577 723 624 libera,
754 581 792 614 et
819 580 1087 627 consequenter
1112 575 1258 626 ipsimet
1286 587 1354 626 per

93 646 305 693 peccatum,
336 654 400 680 seu
420 653 484 691 per
503 653 577 679 suae
599 638 771 677 libertatis
789 638 966 686 abusum,
995 650 1077 677 sese
1103 635 1241 676 faciunt
1266 649 1356 676 vasa

93 703 135 742 in
153 702 442 752 contumeliam,
461 713 543 740 sese
562 701 707 753 proprie
728 704 763 738 et
784 701 942 752 positive
961 699 1152 746 indurant3
1173 701 1256 739 cum
1270 712 1357 753 pos-

94 770 199 813 sent,
214 766 261 804 si
283 763 445 814 vellent,
482 763 677 814 adjuvante
698 760 772 802 Dei
806 761 943 814 gratia
960 776 1001 803 se
1030 766 1053 802 ὲ
1084 765 1158 803 suis
1186 761 1356 802 sordibus

98 826 321 874 emundare,
354 833 390 867 et
408 839 458 866 ex
480 828 576 866 vasis
596 823 853 874 contumeliae,
885 824 965 864 fieri
997 836 1083 864 vasa
1102 825 1139 863 in
1159 823 1357 864 honorem

96 886 198 933 ‚Vide
214 886 264 928 D.
283 886 438 928 Paulum
454 887 626 928 secundae
643 887 690 926 ad
705 854 874 927 Timoth.
895 901 932 926 2.
924 878 992 926 fi.
1013 898 1062 926 20
1078 891 1115 925 et
1134 898 1200 925 21.

152 950 229 993 Sed
243 953 330 1005 quid
348 967 395 994 ex
416 952 488 992 hac
515 953 786 1005 comparatione
811 951 920 991 nobis
943 949 1172 991 inferendum
1190 949 1362 1004 relinquit

97 1013 328 1073 Apostolus?

156 1081 248 1122 Hoc
273 1094 323 1120 ex
352 1079 483 1119 dictis
473 1092 511 1118 m
533 1084 611 1118 toto
637 1082 812 1118 contextu
838 1076 1142 1128 intelligendum,
1162 1075 1301 1116 scilicet
1328 1075 1362 1114 si

102 1145 258 1198 figulus
250 1157 304 1194 jus
317 1149 354 1182 et
369 1146 588 1193 potestatem
609 1139 722 1179 habe't
742 1152 791 1179 ex
812 1137 942 1178 eadem
951 1151 1067 1177 massa
1078 1134 1235 1177 faciendi
1252 1149 1376 1194 vasa„

105 1221 332 1263 quaecunque
355 1206 533 1251 voluerim
1372 1197 1377 1204 ’

163 1267 314 1320 Quanto
334 1267 463 1319 potiori
486 1267 562 1315 jure
578 1260 680 1303 Deus
698 1276 744 1302 ex
763 1261 894 1302 eadem
913 1275 1032 1302 massa
1052 1261 1210 1301 filiorum
1232 1256 1377 1300 Abra-‚

106 1333 190 1380 hae,
222 1331 383 1384 aliquos,
418 1324 555 1368 scilicet
594 1324 790 1374 Israelitas‚
818 1331 940 1379 potest
965 1326 1075 1365 bonis
1099 1330 1135 1365 et
1164 1323 1369 1364 honoribus

109 1395 318 1436 cumulare!
339 1394 427 1433 alios
440 1422 452 1443 ‚
473 1390 674 1430 Ismaelitas
689 1396 727 1429 et
745 1387 931 1430 Idumaeos
952 1387 1081 1429 talibus
1109 1388 1273 1442 privare!
1290 1388 1382 1441 imo¹

108 1457 353 1498 Israelitarum
375 1455 540 1495 servituti
555 1452 740 1492 addicere'

170 1516 319 1568 Quanto
338 1516 469 1569 potiori
489 1514 566 1563 jure
585 1510 688 1552 Deus
714 1516 839 1564 potest
868 1524 917 1550 ex
937 1509 1068 1551 ea'dem
1098 1524 1216 1551 massa
1241 1507 1373 1549 homi-

112 1591 204 1618 num
219 1576 371 1631 AEgypti
391 1574 618 1622 incolarum,
642 1572 802 1625 aliquos,
823 1571 965 1612 scilicet
984 1569 1197 1626 AEgypfios,
1216 1578 1250 1612 et
1267 1568 1374 1612 Pha-2

113 1652 266 1679 raonem
284 1636 461 1677 rebellem
486 1635 597 1688 plagis
620 1632 806 1686 affligere,
830 1646 871 1672 ac
903 1633 1089 1686 denique
1081 1647 1118 1672 in
1151 1631 1374 1685 profundum

115 1702 227 1739 maris
246 1699 508 1748 submergere;
527 1693 706 1735 Israelitas
725 1697 815 1734 vero
836 1697 858 1733 ὲ
890 1695 1098 1748 captivitate
1117 1694 1297 1743 liberare,
1335 1698 1373 1733 et

116 1763 155 1802 in
172 1768 304 1802 terram
322 1759 498 1799 {luentem
518 1758 571 1798 lac
591 1764 629 1798 et
647 1757 720 1796 mel
747 1756 944 1796 inducere!

176 1819 279 1871 Quid
297 1821 409 1869 ultra,
435 1822 472 1859 in
488 1831 597 1858 sensu
614 1817 739 1857 saltem
757 1816 949 1868 allegorico
966 1817 1074 1857 nobis
1100 1813 1376 1869 intelligendum

119 1884 289 1937 relinquit
309 1875 543 1935 Apostolus?

176 1942 327 1995 Quanto
351 1944 482 1996 potiori
502 1944 579 1993 jure
609 1937 744 1990 Deus,
779 1946 815 1980 et
835 1941 975 1980 ratione
1003 1939 1157 1981 dominii
1174 1946 1210 1980 et
1235 1941 1376 1980 ratione

118 2008 283 2058 justitiae,
303 2020 351 2046 ex
368 2004 497 2045 eadem
529 2003 722 2043 hominum
741 2015 887 2052 massa,
913 2001 980 2042 sed
1011 2000 1258 2042 diversimode
1289 1999 1375 2039 dis-

118 2070 256 2124 posita.
277 2068 503 2110 Christianos
519 2067 725 2116 credentes,
741 2073 861 2120 potest
880 2066 998 2106 facere
1015 2079 1099 2106 vasa
1118 2067 1154 2104 in
1174 2063 1373 2126 honorem;

118 2132 157 2172 id
177 2139 232 2173 est
250 2130 315 2180 (ut
333 2126 391 2171 D.
423 2127 556 2169 Paulus
573 2128 728 2181 explicat
746 2144 782 2168 2.
804 2127 851 2167 ad
879 2125 981 2168 Tim.
1015 2142 1051 2168 2.
1075 2119 1121 2168 27.
1159 2140 1210 2166 20
1227 2153 1239 2174 ‚
1278 2139 1343 2165 21·
1339 2123 1376 2174 )

118 2209 205 2236 vasa
231 2194 474 2244 sanctificata,
505 2199 541 2232 et
559 2190 655 2232 utilia
679 2189 868 2243 Domino,
902 2189 948 2230 ad
978 2202 1088 2230 omne
1114 2202 1207 2242 opus
1232 2188 1376 2228 bonum

117 2261 265 2309 parata:
288 2250 442 2297 Judaeos
465 2257 555 2298 vero
586 2253 791 2295 incredulos
820 2259 860 2295 et
885 2252 1076 2305 nolentes,
1105 2265 1171 2306 per
1199 2249 1378 2303 fidem&
