1410 2554
348 52 531 85 'rnivmx
557 51 793 87 annosi-no,
818 41 917 96 Cap.
946 45 1045 85 XII.
1230 43 1314 87 323

174 154 519 186 onstnvamo
547 156 867 187 tirrannus
883 156 938 187 ΕΤ
957 156 1205 188 nonnas.

114 244 258 290 Alludit
274 245 478 302 Apostolus
495 245 546 291 ad
574 252 749 292 sacrificia
763 257 908 302 vetera,
934 253 974 293 in
1002 250 1134 304 quibus
1158 251 1314 293 occide-

60 311 193 352 bantur
208 313 386 362 victimae,
406 312 531 363 vituli,
550 326 656 362 oves,
678 313 770 355 hirei
783 343 796 364 ‚
822 314 1028 364 columba,
1057 319 1130 354 etc.
1143 343 1157 364 ,
1182 314 1315 366 hisque

60 374 248 417 veteribus
285 372 469 413 sacrificiis
507 375 663 426 opponit
691 387 832 415 novum
852 403 865 422 ‚
910 372 1047 414 scilicet
1088 372 1314 426 spiritualem

59 431 292 476 sacrificandi
311 433 488 482 modum,
519 434 590 475 sed
612 438 636 476 a
657 432 743 476 Deo
767 445 834 488 per
851 434 934 475 haec
951 440 1105 475 externa
1123 440 1162 474 et
1184 440 1316 476 vetera

58 496 232 540 sacrificia
253 509 399 549 semper
416 499 595 538 intentum
614 512 624 537 ι
640 504 680 539 ut
694 499 794 539 enim
812 499 862 539 ait
882 496 944 536 hic
965 494 1018 537 D.
1034 493 1203 537 Thomas
1231 502 1316 550 post

58 561 113 606 D.
136 560 382 616 Augustinum
396 592 407 611 ,
435 563 580 603 visibile
606 563 820 604 sacrificium
835 593 845 613 ,
866 561 966 615 quod
985 563 1146 602 exterius
1163 560 1317 603 offertur

59 623 169 676 Deo,
194 628 339 679 signum
372 631 428 666 est
459 625 649 666 invisibilis
667 625 856 676 sacrificii,
876 638 950 678 quo
973 626 1054 679 quis
1071 637 1113 665 se
1140 632 1176 665 et
1197 626 1314 666 suain

58 685 136 729 Dei
153 688 371 740 obsequium
392 686 559 728 exhibet.

115 747 198 792 Nos
213 763 302 803 ergo
323 749 373 792 D.
398 748 532 792 Paulus
559 750 668 792 docet
697 757 734 792 et
763 750 942 801 hortatur,
965 756 1006 791 ut
1028 751 1065 790 in
1087 748 1316 802 gratitudinis

58 811 329 856 monimentum
348 825 417 852 nos
432 819 470 854 et
490 814 615 854 omnia
628 818 751 853 nostra
762 810 849 854 Deo
868 810 1124 852 sacrificemus.
1138 807 1189 849 Et
1205 811 1288 862 quia
1301 839 1313 859 ,

59 883 100 917 ut
127 879 175 918 ait
196 874 248 918 D.
267 875 450 927 Thomas,
482 877 596 919 homo
626 876 759 930 triplex
791 876 903 917 habet
933 877 1075 917 bonum
1100 876 1316 925 tammam,

60 951 207 991 corpus,
229 940 408 977 exteriora
434 940 555 984 bona;
575 938 660 978 hinc
679 937 792 979 debet
809 935 1039 979 Christianus
1049 937 1210 976 animam
1229 932 1317 976 Deo

59 999 260 1040 sacrificare
271 1013 337 1052 per
349 999 558 1041 devotionis
567 1007 602 1041 et
615 1001 842 1040 contritionis
855 998 1096 1040 humilitatem
1108 1015 1117 1045 ς
1131 998 1317 1038 exteriora

59 1062 186 1111 bona,
210 1076 276 1115 per
287 1062 600 1116 eleemosynarum
620 1063 851 1114 largitionem
866 1076 876 1110 ς
894 1053 1039 1116 corbus,
1063 1074 1129 1115 per
1156 1059 1317 1100 mortifi-

61 1129 258 1168 cationem.
278 1125 339 1168 De
360 1128 601 1182 eleemosyna
621 1126 745 1169 Hebr.
761 1127 889 1168 ultimo
918 1130 1037 1180 capite
1058 1134 1094 1167 et
1120 1126 1231 1173 alibi3
1255 1123 1318 1165 hie

58 1189 248 1240 speciatim
266 1189 314 1230 de
328 1192 493 1241 corporis
510 1189 627 1229 hostia
649 1202 715 1242 per
728 1190 894 1242 spiritum
913 1187 1112 1229 offerenda.

116 1251 240 1304 Hujus
261 1254 428 1294 sacrificii
446 1254 637 1306 spiritualis
661 1260 698 1294 et
714 1251 934 1304 Christiani,
959 1254 1131 1295 sace-dos
1153 1260 1210 1295 est
1232 1255 1316 1307 spi-⁴

61 1320 169 1365 ritus;
187 1319 297 1360 altare
313 1327 369 1360 est
386 1334 447 1360 cor
466 1326 648 1366 nostrum,
670 1319 823 1372 gladius,
842 1322 1038 1369 contritio,
1054 1320 1311 1367 mortificatio3

59 1381 155 1431 ignis
171 1386 227 1420 est
248 1379 424 1426 charitas;
446 1379 562 1420 hostia
574 1410 584 1429 ,
607 1393 754 1432 corpus,
773 1387 923 1433 peccato
940 1381 1089 1434 quidem
1105 1387 1314 1431 morinum,

0 1440 2 1443 ’
60 1445 99 1480 at
115 1437 201 1480 Deo
217 1442 344 1480 vivum
359 1469 369 1489 ,
398 1442 419 1479 a
446 1448 572 1480 mente
595 1454 683 1494 pura
697 1469 708 1489 ,
739 1447 862 1482 sancta
889 1444 1085 1482 animatum
1101 1471 1113 1494 ,
1145 1454 1228 1495 quae
1250 1454 1315 1492 se,

61 1512 167 1540 suum
187 1513 342 1552 corpus,
380 1513 583 1554 omnesque
611 1504 772 1554 corporis
803 1506 965 1544 actiones
990 1503 1038 1544 ad
1067 1501 1141 1544 Dei
1163 1503 1316 1555 gloriam

62 1564 184 1616 dirigit
204 1571 240 1604 et
257 1564 377 1606 offert.

118 1624 289 1667 Osserant
307 1640 395 1679 ergo
418 1625 539 1669 Judaei
554 1629 713 1669 carnales
733 1629 870 1670 hostias
886 1637 1003 1671 mutas
1017 1661 1028 1681 ,
1047 1637 1080 1670 et
1093 1628 1318 1671 irrationales

60 1688 243 1738 victimas,
261 1702 415 1741 corpora
437 1696 602 1739 mortua,
620 1693 805 1746 incapacia
822 1691 945 1733 Deum
965 1693 1131 1734 laudandi
1150 1699 1186 1733 et
1201 1691 1320 1744 glori·

62 1750 196 1791 fieandi
208 1780 219 1798 ,
240 1753 381 1805 ipsique
399 1753 576 1804 placendi.

118 1811 346 1855 Christianus
363 1821 451 1856 verb
469 1817 596 1859 offerat
608 1814 702 1859 Deo
723 1833 853 1873 corpus
866 1833 971 1860 suum
989 1821 1134 1868 vivens,
1153 1826 1190 1859 et
1205 1831 1319 1859 sanc-

63 1877 237 1918 tificatum
255 1881 292 1919 in
315 1877 506 1934 Baptismo
522 1896 587 1935 rer
606 1880 784 1934 Spiritum
803 1889 994 1928 sandum3
1018 1878 1112 1923 Deo
1143 1882 1286 1936 placens
1301 1911 1316 1930 ,

61 1946 188 1991 utpote
215 1942 422 1983 membrum
445 1938 612 1991 Christi;
643 1939 776 1984 Deum
802 1943 951 1984 laudans
969 1950 1005 1984 et
1023 1943 1228 1996 glorificans
1253 1955 1320 1996 per

61 2002 224 2041 actiones
258 2000 344 2042 Deo
375 2011 626 2054 consecratas,
661 2012 698 2046 et
719 2019 784 2059 per
808 2006 1129 2047 mortificationem
1156 2006 1320 2045 actiones

63 2063 234 2118 animales
254 2069 289 2103 et
304 2065 489 2105 sensuales
504 2074 738 2108 mactantem.

612 2157 780 2201 Pasxis.
830 2199 836 2206 ,

121 2244 326 2298 Quomodo
341 2263 475 2305 eorpus
495 2253 559 2292 liet
577 2251 698 2292 hostia
709 2252 726 2291 Ρ
737 2252 788 2292 aii
803 2248 864 2294 D.
888 2250 1175 2305 Clirysostornus
1191 2265 1201 2296 3
1230 2248 1322 2288 nihil

63 2308 149 2349 mali
171 2313 337 2365 respiciat
359 2315 494 2365 oculus,
520 2322 556 2355 et
569 2313 683 2354 factus
697 2321 750 2355 est
767 2314 1022 2364 hostiagnihil‘
1034 2322 1140 2368 turpe
1155 2314 1320 2367 loquatur
