1410 2554
79 16 192 73 ·xxij
555 37 814 78 »nome-us,
845 31 939 69 etc,
1389 77 1393 86 ¹

106 91 371 157 proprium
382 101 716 159 anteponetur
730 105 1099 162 argumentum3
1105 100 1377 154 interimin
1385 134 1395 154 ‹

109 189 286 237 genere
306 170 403 221 dici
417 183 597 238 potest,
612 174 748 240 quod
769 177 995 225 omnium
1010 178 1075 226 D.
1098 179 1239 228 Pauli
1256 177 1391 247 Epi-

105 250 262 300 stolen
266 269 351 299 um
383 252 566 318 tiiplex
598 265 948 320 argumentum
979 273 1085 304 esse
1116 258 1365 308 videatur.

168 331 393 379 Primum
405 368 417 392 ‚
433 331 548 381 fidei
561 332 787 401 dogmata
802 333 1023 383 stabilire
1036 344 1085 383 et
1098 335 1365 401 explicare,
1395 389 1399 396 ,

105 432 271 464 mores
297 417 607 466 Christianos
634 417 916 478 inculcare,
948 416 1010 466 ad
1042 435 1370 484 perseveran-

108 498 229 547 tiam
246 499 297 545 in
317 496 415 547 fide
435 508 483 547 et
503 496 775 548 virtutibus
799 500 1037 548 animare.

167 577 302 627 Hinc
319 578 614 645 plerumque
641 581 780 646 prior
804 598 978 629 earum
1005 598 1121 647 pars
1141 590 1215 630 est
1241 580 1368 648 dog-

104 659 287 706 matica
307 678 321 722 5
346 660 592 725 posterior
612 659 731 708 vero
752 659 972 709 moralis.
1402 723 1406 729 ι

164 737 320 786 Aliud
344 740 620 803 argumenti
643 757 795 805 genus
825 752 898 788 est
923 738 1265 800 ‚Iudaismum‚
1298 738 1370 789 lc-

85 847 88 850 *
105 823 277 887 gisque
289 823 522 871 Mosaicae
536 825 875 884 caeremonias,
890 842 980 889 per
1003 842 1184 873 novam
1197 825 1369 874 Chris-

107 903 144 950 ti
164 902 320 969 legem
355 903 644 969 abrogatas,
683 905 975 970 impugnare
1005 914 1054 952 et
1084 903 1366 968 eradicare3

105 986 440 1049 praesertimin
455 983 688 1050 Epistolis
701 984 763 1033 ud
777 985 1045 1045 Romanos,
1064 983 1127 1033 ad
1145 984 1365 1046 GalataS,

109 1065 169 1115 ad
191 1067 534 1133 Philippenses
550 1103 562 1127 ,
585 1066 646 1115 ad
665 1067 926 1116 Hebraeos.

164 1146 393 1198 Tertium
409 1184 422 1206 ‚
454 1149 666 1196 haereses
680 1184 698 1206 ,
722 1154 828 1212 jam
844 1157 954 1196 tum
972 1149 1333 1204 subnascentes
1353 1185 1365 1209 ,
1408 1212 1409 1216 ¹

104 1230 350 1281 suffocare
366 1251 380 1293 3
410 1234 658 1297 praecipue
676 1233 726 1279 in
746 1231 981 1297 Epistolis
1015 1231 1075 1280 ad
1096 1233 1335 1298 Ephesios
1352 1269 1365 1293 ,

104 1309 168 1360 ad
189 1312 506 1361 Colossenses
522 1349 534 1372 ‚
559 1312 619 1361 ad
643 1313 987 1362 Timotheum.

167 1396 260 1445 Hae
287 1415 459 1447 omnes
497 1397 762 1462 Epistolae,
795 1399 834 1446 si
859 1399 1141 1463 excipiatur
1169 1415 1278 1463 quae
1306 1399 1371 1448 ad

106 1477 379 1539 Hebraeos,
411 1479 605 1543 scriptae
635 1489 750 1527 sunt
781 1482 937 1544 graece
955 1498 968 1540 3
1010 1489 1119 1527 tum
1155 1482 1270 1544 quia
1294 1480 1370 1530 'ad

106 1556 338 1615 Grae005‚
379 1565 488 1603 tum
516 1558 631 1620 quia
677 1559 833 1623 graece
877 1567 998 1607 tunc
1034 1556 1369 1622 loquebantur

105 1634 210 1685 fere
229 1655 400 1686 omnes
423 1656 432 1685 ε
455 1640 574 1687 hinc
593 1647 641 1685 et
669 1637 732 1686 ad
753 1639 1006 1686 Romanos
1038 1639 1187 1686 etiam
1210 1641 1368 1702 graecc

106 1717 326 1781 scripsit,
353 1725 407 1763 ut
433 1715 629 1765 dicetur
647 1718 698 1764 in
727 1717 877 1781 hujus
915 1716 1147 1781 Epistolae
1186 1716 1369 1766 Praefa-

104 1795 262 1844 tione.

172 1877 356 1936 Porro,
384 1878 531 1941 quum
557 1878 675 1925 utile
702 1879 764 1925 sit
795 1877 882 1925 has
923 1894 1094 1926 omnes
1122 1878 1367 1943 Epistolas

104 1956 295 2022 legere,
343 1958 569 2006 meditari
591 1993 603 2016 ‚
655 1959 977 2006 commentari
998 1993 1010 2017 ,
1050 1956 1300 2005 discamus
1339 1958 1368 2005 ῑι

103 2036 168 2083 D.
194 2035 386 2085 Joanne
406 2037 789 2105 Chrysostomo,
818 2038 997 2085 harum
1017 2038 1285 2103 interprete
1308 2035 1367 2085 fi·

98 2120 371 2171 delissimo.

168 2202 387 2252 Paulina*
404 2240 416 2263 ,
439 2205 627 2269 inquit,
656 2204 887 2270 Epistolae
907 2204 1102 2253 metalla
1128 2215 1245 2253 sunt
1273 2206 1366 2269 spi-

98 2284 224 2334 ritus
251 2296 300 2335 et
331 2285 519 2336 fontes:
555 2287 750 2336 metalla
780 2285 1010 2352 quidem,
1040 2287 1155 2352 quia
1186 2290 1364 2352 quovis
