1410 2554
12 2231 35 2243 ae

105 27 187 71 228
459 36 677 71 ι-’.ι»ιεϊοι,]ι;4
693 41 750 71 m
778 39 989 71 nummos

161 96 251 138 Hoc
269 104 397 138 votum
418 101 471 139 sic
491 101 663 153 exprimit
695 96 918 153 Theophyt.
935 106 1027 152 opto
1055 113 1122 154 pro
1147 100 1260 153 gloria
1286 99 1364 144 Dei

107 161 279 202 excidere
301 164 322 201 a
340 163 449 214 gloria
467 160 604 216 Christ-i
621 178 630 201 ε
650 162 723 202 hoc
740 169 862 202 autem
877 176 954 202 non
979 170 1034 203 est
1065 165 1238 205 excidere
1251 194 1264 215 ,
1296 165 1366 206 sed

106 225 228 274 potius
246 225 411 274 assequi,
430 225 477 263 ait
496 221 532 262 T
535 223 814 277 heophylactus.

164 279 286 332 Hujus
319 284 397 321 voti
423 277 646 334 principium
675 281 830 322 charitas
856 283 1025 331 intensa,
1055 295 1146 331 seu,
1169 288 1210 322 ut
1237 284 1287 322 ait
1313 281 1366 325 D.

109 340 266 396 Chrys.‚
295 346 428 384 amoris
458 344 603 384 flamma
620 347 822 389 immensa;
843 347 946 385 omui
971 344 1097 397 pelago
1118 344 1242 395 latior,
1265 346 1368 386 omni

114 404 263 445 flamma
278 405 535 446 vehementior
549 437 561 454 ,
582 422 664 460 pag.
686 405 778 447 228.
799 406 901 447 Hinc
920 407 1020 447 idem
1040 405 1078 447 S.
1103 404 1236 460 Chrys.
1259 405 1378 448 Pau-¹

108 468 185 508 lum
202 470 396 520 interrogat
415 485 424 508 ε
447 470 509 521 qui
536 470 578 510 fit
604 478 643 510 ut
662 473 818 524 preceris
839 469 1032 510 anathema
1051 484 1134 511 esse
1151 477 1188 511 et
1221 470 1367 512 aliena-

110 532 250 571 tionem
277 531 445 584 quaeras?
475 539 545 573 etc.
1356 577 1358 579 ,

167 590 353 643 Quoniam
367 624 378 644 ‚
409 595 524 647 inquit
550 592 700 642 Paulus,
725 595 834 634 etiam
853 601 961 647 atque
982 596 1091 634 etiam
1110 593 1210 634 illum
1241 591 1372 634 vehe-

110 660 254 694 menter
283 669 386 704 amo,
425 653 476 694 D.
506 653 646 707 Chrys.
674 655 803 695 homil.
833 654 898 696 50.
933 656 994 696 16.
1018 669 1104 708 pag.
1139 655 1231 704 224.
1262 644 1373 696 Idem

112 713 223 755 Pater
238 746 249 766 ‚
273 730 355 768 pag.
377 714 480 765 228,
500 717 599 756 addit
617 732 625 756 :
656 717 721 757 sed
741 719 911 769 quoniam
932 718 1054 769 procul
1070 719 1117 757 ab
1149 716 1222 758 hoc
1244 731 1372 758 amore

112 779 285 818 absumus
300 808 312 828 ,
332 793 379 819 ne
401 774 511 819 animi
534 780 682 832 quidem
701 783 919 833 cogitatione
935 811 946 832 ,
968 782 1062 821 dicta
1077 780 1157 821 haec
1178 781 1373 833 complecti

113 853 319 892 possumus.

169 896 300 954 ltaque
320 898 454 942 Deum
467 917 651 953 amemus,
663 905 863 944 animarum
881 904 1032 944 salutem
1048 905 1220 953 zelemus,
1241 905 1375 944 conci-

112 966 258 1018 piemus
278 967 466 1018 quomodo
487 965 538 1008 D.
560 965 693 1007 Paulus
710 997 719 1015 ,
732 981 841 1019 quem
863 982 933 1008 nec
952 969 1082 1008 coelum
1096 998 1106 1018 ,
1128 981 1198 1008 nec
1211 966 1375 1008 infernus

115 1035 270 1079 possunt
289 1031 310 1067 a
338 1025 486 1069 Christo
522 1042 687 1081 separare
703 1059 714 1079 ,
737 1036 837 1082 optat
859 1037 981 1071 tamen
1001 1034 1022 1070 a
1050 1028 1186 1070 Christi
1204 1028 1376 1070 fruitione

115 1092 293 1142 separari,
320 1097 359 1130 ut
390 1085 512 1131 Judaei
542 1091 691 1131 credant
713 1093 751 1131 in
774 1089 984 1143 Christum,
1006 1098 1130 1132 ament
1156 1087 1346 1132 Christum
1361 1098 1391 1141 ‚¹

117 1148 341 1204 Christoque
358 1151 533 1193 fruantur.

171 1209 226 1262 ss.
245 1215 283 1264 4.
317 1213 396 1267 Qui
423 1230 507 1254 sum
531 1216 715 1254 Israelitoe
728 1245 737 1256 .
751 1245 781 1256 ..
797 1245 807 1257 .
827 1213 928 1256 Octo
949 1213 1195 1256 Israelitarum
1211 1228 1375 1261 emme-,-

115 1280 170 1315 rat
188 1275 375 1327 privilegia
387 1305 399 1326 ‚
421 1290 486 1316 seu
502 1276 616 1328 elogia
630 1305 642 1324 ,
665 1278 795 1329 quibus
811 1291 912 1318 suam
937 1279 1055 1330 pergit
1073 1280 1109 1317 in
1127 1291 1192 1318 eos
1210 1289 1380 1330 propeue
1391 1322 1396 1332 ι

116 1337 262 1375 sionem
282 1338 447 1388 aperire,
472 1342 508 1376 et
525 1339 645 1376 omnis
668 1338 741 1378 odii
761 1340 1006 1391 suspicionem
1023 1338 1148 1390 procul
1163 1339 1311 1378 avertit.

174 1391 365 1447 Primum,
386 1414 539 1451 quorum
560 1399 773 1452 adoptio...
788 1430 798 1441 .
814 1401 854 1440 id
874 1407 949 1450 est,
967 1413 1059 1453 quos
1086 1399 1190 1441 Deus
1217 1401 1257 1439 in
1283 1397 1380 1439 filios

119 1457 332 1516 ad)ptavit,
351 1465 451 1515 juxta
468 1462 555 1504 illud
573 1461 697 1505 Exod.
714 1464 752 1514 4.
773 1480 837 1505 22.
846 1462 962 1516 filius
982 1477 1085 1503 meus
1109 1463 1383 1515 prom1'3enilus

123 1525 259 1565 Israel.

183 1585 396 1627 Secundum
411 1616 423 1637 ‚
440 1593 476 1625 ct
490 1587 611 1637 gloria
626 1616 641 1634 ‚
666 1586 703 1645 id
719 1594 801 1638 est,
839 1600 993 1640 quoium
1020 1585 1132 1638 gloria
1149 1598 1228 1638 prae
1243 1587 1386 1626 caeteris

124 1648 309 1692 Gentibus
328 1650 487 1690 maxima
499 1678 512 1697 ,
534 1650 582 1690 ob
601 1650 770 1690 miracula
787 1656 934 1703 propter
949 1663 1013 1689 eos
1030 1648 1120 1689 sacta
1133 1678 1146 1700 ‚
1166 1651 1204 1689 in
1230 1650 1383 1690 transitu

121 1716 230 1755 maris
251 1714 367 1763 rubri,
396 1715 433 1753 in
452 1712 620 1759 deserto;
646 1720 681 1753 et
701 1720 847 1767 propter
868 1712 1173 1753 inhabitationem
1191 1710 1265 1753 Dei
1287 1712 1385 1754 inter

126 1777 228 1829 illos,
247 1779 284 1819 in
302 1777 468 1818 columna
491 1778 598 1816 nubis
612 1806 623 1825 ,
646 1779 683 1817 in
703 1791 783 1816 arca
798 1806 808 1824 ,
835 1779 872 1816 in
892 1775 1042 1828 templo.

178 1834 364 1888 Tertium,
383 1847 419 1878 et
433 1846 695 1878 testamentum
713 1869 724 1890 ‚
748 1839 786 1879 id
805 1844 860 1879 est
873 1868 883 1887 ,
904 1852 988 1879 cum
1007 1837 1149 1889 quibus
1168 1832 1271 1876 Deus
1298 1836 1383 1877 iniit

124 1902 256 1944 foedus.
276 1900 343 1943 Gr.
365 1909 604 1952 testamenta,
625 1917 688 1942 seu
704 1932 715 1951 ,
751 1904 832 1955 quia
859 1904 896 1942 in
926 1901 1066 1941 duabus
1098 1898 1227 1940 tabulis
1245 1900 1384 1952 scripta

127 1969 211 2005 sunt
237 1962 382 2003 soederis
408 1960 499 2002 illius
524 1962 635 2018 yerba
653 1991 664 2011 ,
695 1970 733 2002 ut
765 1962 890 2002 volunt
909 1962 1044 2015 aliqui:
1072 1962 1151 2000 sive
1185 1965 1312 2008 vetus,
1346 1963 1384 1999 et

126 2041 268 2068 novum
288 2026 526 2079 intelligantur
548 2033 788 2072 testamenta;
809 2041 922 2067 unum
943 2027 981 2065 in
1007 2023 1123 2065 littera
1141 2017 1212 2062 iltis
1228 2020 1353 2062 datum
1370 2049 1384 2074 ‚

125 2087 277 2130 alterum
297 2091 333 2129 in
351 2091 479 2143 spiritu
494 2118 504 2136 ,
529 2095 568 2128 ut
589 2086 639 2128 D.
664 2086 916 2143 Hieronymus
931 2087 1097 2139 loquitur.

181 2150 362 2203 Quartum
377 2182 388 2201 ,
421 2159 456 2190 et
480 2152 663 2204 legistam
675 2179 689 2200 ,
722 2151 758 2191 id
781 2159 865 2204 est,
890 2162 1044 2203 quorum
1073 2146 1176 2189 Deus
1206 2144 1387 2199 legislator

128 2227 195 2268 per
214 2211 403 2267 Moyseiu.

186 2275 381 2330 Quintum,
397 2284 433 2316 cl
441 2277 668 2330 obsequium,
696 2276 810 2327 idest,
824 2273 936 2315 cultus
953 2275 1030 2315 veri
1044 2271 1132 2322 Dei,
1145 2285 1234 2314 vera
1248 2270 1406 2324 religio„
