1410 2554
338 85 522 117 rumex
549 83 779 118 Exposrrio.
810 68 909 127 Cap.
938 74 1058 117 XVI.
1229 75 1312 129 4η

80 139 153 189 5.
177 145 241 196 24.
265 144 402 186 Grah'a
432 146 591 187 Domi'm’
617 148 736 187 nostri
747 146 839 187 Jesu
855 143 1002 187 Christi
1025 163 1110 188 cum
1138 150 1315 191 omnibus

49 211 173 254 vobis.
191 207 316 250 Semel
328 216 366 249 et
388 211 519 250 iterum
538 210 731 252 valedicit:
750 213 852 251 iterat
870 213 970 252 enim
987 211 1051 252 hic
1068 212 1167 266 quod
1184 205 1230 255 Ῡ.
1244 226 1315 255 20.

50 270 309 313 'Verisimiliter
325 269 388 310 hic
403 269 550 324 propria
567 286 675 313 manu
686 302 699 321 ,
718 275 817 324 juxta
837 286 978 312 morem
1003 287 1108 313 suum
1130 273 1313 327 finiturus,

50 348 184 376 rursus
201 335 325 374 scribit
338 334 441 386 quod
458 337 694 375 amanuensis
715 333 827 387 opera
844 336 984 387 scripsit
1002 331 1055 385 JV.
1074 350 1140 376 20.

106 394 163 447 y.
186 397 250 437 25.
268 397 319 436 Ei
349 403 474 436 autem
509 400 574 450 qui
589 405 720 449 potens
752 403 850 438 est...
878 395 963 438 Hos
995 404 1068 438 tres
1101 411 1228 438 versus
1245 411 1315 439 se-

53 465 209 516 quentes
231 458 352 510 Divus
372 455 689 513 Chrysostomus‚
724 458 986 502 Theodoretus
1002 492 1013 512 ‚
1040 468 1075 501 et
1106 460 1142 501 T
1145 460 1318 516 heophy·

50 525 164 566 lactus
198 522 343 574 legunt,
364 528 402 562 et
436 530 627 576 exponunt
661 525 699 564 in
731 524 807 564 fine
831 537 909 578 cap.
944 525 1007 574 14.
1035 523 1203 578 hancque
1227 526 1318 579 epi-

52 587 187 628 stolam
209 586 353 626 finiunt.
380 580 428 628 Ῠ.
449 587 514 638 24.
537 600 615 640 cap.
639 586 701 628 16.
728 587 864 628 Gratia
896 587 1057 627 Domini
1079 590 1199 628 nostri
1223 588 1319 629 Jesu

52 648 212 693 Christi,

106 712 222 768 Syrus
244 728 320 756 non
351 717 455 768 ponit
474 729 623 756 versum
641 713 708 764 24.
725 713 791 755 sed
812 720 893 768 post
924 727 1070 755 versum
1092 713 1157 755 23.
1173 716 1288 768 jungit
1306 729 1317 754 :

52 775 138 815 Deo
154 783 280 815 autem
298 780 363 829 qui
374 785 505 829 potens
520 789 617 820 est...
638 777 775 818 deinde
790 776 983 829 epistotam
998 776 1079 816 finit
1096 790 1161 830 per
1180 775 1319 816 Gratia

53 838 211 878 Domini
221 842 340 877 nostri
357 839 448 878 Jesu
462 835 618 881 Christi.

108 896 237 940 Latini
257 914 413 950 omnes,
434 904 545 941 etiarn
564 898 806 952 Ambrosius,
827 901 951 951 legunt
966 901 1054 940 utin
1075 905 1200 940 nostra
1216 897 1317 941 Vul-

52 970 147 1016 gata.
163 962 349 1015 Origenes
372 965 481 1004 etiarn
506 963 601 1017 apud
624 961 780 1004 Graecos
793 964 958 1003 similiter
975 963 1083 1015 legit.
1098 962 1228 1003 fatetur
1254 971 1317 1004 ta·

51 1036 142 1065 men
169 1025 215 1065 ab
234 1024 309 1064 aliis
336 1024 436 1064 aliter
453 1025 546 1078 legi,
570 1024 724 1078 haecque
739 1025 877 1076 verba,
898 1026 946 1065 Li
956 1041 1019 1078 qut
1014 1028 1160 1078 potens
1184 1032 1259 1074 est,
1275 1026 1317 1065 in

49 1085 130 1127 fine
147 1101 227 1139 cap.
250 1086 310 1135 14.
325 1088 468 1140 reponi.

107 1142 278 1188 Difficile
296 1154 351 1187 est
373 1146 478 1198 hujus
502 1149 712 1188 variationis
729 1150 908 1188 rationem
929 1148 1096 1188 reddere.
1109 1145 1223 1188 Forte
1234 1146 1316 1188 haec

0 1234 1 1270 ᾗ
49 1212 189 1253 verba:
208 1211 258 1249 Ei
279 1212 344 1264 qui
354 1218 484 1262 potens
511 1218 605 1251 est...
618 1213 675 1251 bis
700 1214 816 1264 posita
833 1217 916 1251 sunt
934 1214 970 1250 in
991 1209 1179 1264 Epistola:
1198 1210 1315 1250 semet

48 1288 164 1316 manu
182 1271 322 1322 Tertii,
349 1275 387 1312 in
414 1287 492 1327 cap.
517 1274 579 1323 14.
608 1274 772 1314 secundo
803 1288 911 1314 manu
938 1274 1084 1327 propria
1103 1270 1164 1314 l).
1183 1271 1314 1324 Pauli,

52 1334 130 1377 hic.
151 1334 342 1389 Quidquid
360 1337 406 1375 sit
433 1335 480 1375 de
500 1350 579 1390 cap.
601 1336 662 1386 14.
689 1351 821 1377 ornnes
840 1330 983 1385 Latini,
1003 1336 1113 1375 etiam
1132 1338 1317 1376 vetustis-

51 1401 159 1451 simi,
182 1406 221 1440 et
257 1413 340 1439 curn
374 1398 441 1439 iltis
474 1397 682 1452 Origenes,
714 1402 947 1441 consentiunt
981 1412 1064 1439 cum
1093 1405 1220 1440 nostro
1250 1400 1316 1439 in·

53 1466 227 1516 tetprete.

1 1537 3 1570 i
109 1523 235 1565 Divus
252 1537 341 1576 ergo
365 1521 521 1574 Paulus,
539 1530 623 1576 post
651 1522 771 1564 datam
790 1522 972 1564 Romanis
989 1522 1312 1572 benedictionem,

1 1571 4 1640 Ῑ
49 1594 93 1629 -et
112 1589 276 1627 iteratam
292 1585 425 1626 divinae
440 1587 562 1637 gratiae
580 1589 880 1639 apprecationem
895 1615 906 1635 ‚
925 1599 1030 1624 suum
1045 1598 1129 1636 erga
1146 1583 1224 1624 illos
1239 1586 1318 1623 sin-

3 1651 5 1665 *
55 1648 216 1701 gularem
244 1646 416 1687 affectum
447 1642 636 1686 testificari
670 1647 825 1697 volens,
858 1647 977 1695 hanc,
1000 1645 1146 1699 propria
1177 1658 1319 1695 manu,

0 1743 1 1768 ἦ
54 1708 220 1761 epistolae
236 1720 313 1747 suae
324 1706 540 1746 coronidem
557 1707 739 1762 imponit;
760 1705 829 1761 quai
857 1704 980 1747 Deum
998 1707 1046 1745 ob
1065 1719 1193 1746 eorum
1204 1704 1320 1745 fidem

16 1766 20 1771 ’
53 1775 105 1815 ita
121 1773 297 1826 glorificat
310 1802 321 1822 ‚
344 1779 382 1811 ut
406 1777 442 1811 et
461 1784 588 1812 eorum
615 1773 653 1810 in
671 1772 747 1812 fide
765 1778 801 1812 et
821 1773 860 1812 in
877 1771 1050 1812 charitate
1066 1771 1321 1812 confirmatio-

54 1850 145 1878 nem
163 1842 391 1890 apprecetur.

113 1901 169 1940 Ei
183 1907 308 1939 autem
321 1929 334 1950 ‚
351 1898 389 1938 id
401 1905 453 1939 est
466 1928 478 1948 ‚
493 1894 584 1938 Deo
597 1894 754 1950 (suppie
767 1898 813 1937 sit
825 1895 938 1950 gloria
951 1925 962 1945 ,
983 1892 1029 1944 ᾖ.
1045 1893 1131 1949 27.)
1142 1924 1156 1946 ,
1176 1896 1320 1948 quipo-

57 1971 139 2003 rens
164 1971 219 2002 est
248 1977 315 2004 vos
330 1961 569 2015 confirmare.
593 1956 662 2000 Gr.
679 1960 861 2007 stabilire3
882 1960 1019 2000 sciticet
1050 1961 1088 1999 in
1117 1972 1159 1999 ea
1181 1958 1257 1999 fide
1281 1963 1322 1999 et

7 2040 9 2078 i
54 2025 223 2065 doctrina
235 2054 245 2070 ,
263 2036 345 2076 quae
364 2023 544 2076 estjuxta
560 2022 824 2072 Evangelium,
847 2021 947 2075 quod
963 2034 1033 2072 ego
1052 2020 1231 2073 praedico.

7 2083 9 2115 ἶ
114 2089 165 2130 Ee
179 2088 489 2139 proedtcationem.
506 2086 598 2126 Jesu
627 2083 780 2126 Christi.
801 2083 844 2125 ld
858 2092 934 2134 est,
957 2092 992 2126 et
1019 2085 1118 2138 quod
1136 2083 1323 2125 Dominus

54 2153 140 2206 ipse
156 2150 181 2192 J
185 2166 268 2193 esus
283 2147 456 2192 Christus
469 2149 702 2204 praedicavit:
719 2152 843 2203 sicque
858 2164 934 2191 non
947 2156 1002 2190 est
1015 2156 1088 2190 tarn
1100 2164 1196 2200 mea,
1211 2151 1323 2204 quam

59 2211 154 2255 Jesu
169 2211 306 2254 Christi
339 2214 519 2254 doctrina.
533 2210 588 2252 lta
603 2211 710 2253 divus
730 2209 1045 2267 Chrysostomus;
1066 2214 1115 2253 ita
1131 2215 1241 2254 etiam
1255 2212 1325 2254 di-

58 2285 135 2315 vus
153 2272 336 2314 Thomas.

117 2335 196 2380 Alii
226 2345 351 2380 tamen
382 2339 692 2392 interpretantur:
715 2351 797 2392 quae
830 2345 884 2379 est
913 2338 1031 2394 [uxta
1052 2337 1329 2390 Evangelium,

10 2328 13 2386 i
