1410 2554
110 72 196 116 338
471 83 678 115 amsa-omn
707 51 763 112 An
792 80 999 112 Romanos

168 144 207 187 8-
230 139 400 186 Nemini
417 139 652 197 quidquam
672 136 860 184 debeatis
877 171 889 191 ,
929 135 1014 182 nisi
1029 145 1078 181 ut
1097 135 1282 183 invicem
1306 136 1378 183 di-

111 212 253 271 ligatis
273 231 284 255 ε
305 210 379 267 qui
400 211 517 258 enim
536 209 676 268 diligit
697 206 967 266 proximum,
1003 206 1143 267 legem
1170 207 1381 266 implevit.

170 416 210 457 9.
227 398 340 441 Nam
355 416 365 441 :
379 395 480 440 Non
497 393 754 440 adulterabis
770 414 782 438 ε
795 393 901 440 Non
919 393 1089 441 occides
1107 394 1236 441 :Non
1254 395 1382 443 fura-

114 466 229 512 beris
245 487 254 511 :
273 467 315 512 N
319 483 375 512 on
391 466 547 512 falsum
563 463 854 511 testimonium
869 464 981 511 dices
998 485 1007 509 ε
1025 465 1129 511 Non
1145 468 1379 524 concupis·-

113 554 186 585 ces
203 558 212 582 :
232 547 274 583 et
292 537 326 583 si
349 538 464 594 quod
481 547 542 582 est
559 536 676 582 aliud
700 535 951 582 mandatum
965 571 978 592 ‚
998 535 1045 581 in
1064 537 1146 583 hoc
1165 539 1294 584 verbo
1311 538 1380 585 in-

114 620 328 659 stauratur
347 629 358 654 =
377 609 545 668 Diliges
563 607 811 667 proximum
829 617 951 654 tuum
973 608 1084 654 sicut
1100 615 1296 666 teipsum.

178 779 244 806 ιο.
267 758 448 804 Dilectio
478 759 662 815 proximi
683 759 848 804 malum
876 775 965 805 non
989 767 1203 815 operatur.
1226 758 1382 804 Pleni-

117 832 223 878 tudo
242 848 343 890 ergo
365 831 470 891 legis
487 840 552 876 est
577 829 761 876 dilectio.

181 969 246 995 n.
260 948 317 994 Et
335 948 417 995 hoc
431 984 444 1005 ,
462 949 639 995 scientes
662 958 831 1004 tempus
848 968 859 992 t
875 947 975 1004 quia
989 947 1095 993 hora
1113 956 1175 993 est
1192 947 1283 1004 iam
1301 962 1385 992 nos

120 1021 175 1066 de
199 1037 352 1067 somno
371 1037 554 1079 surgere.
572 1022 696 1065 Nunc
714 1019 830 1064 enim
853 1018 1031 1076 propior
1053 1027 1116 1064 est
1132 1026 1278 1064 nostra
1304 1031 1384 1062 sa-

120 1090 191 1136 lus
205 1123 216 1145 ,
242 1093 372 1146 quam
390 1093 488 1135 cum
503 1088 775 1135 credidimus.

187 1324 250 1349 12·
271 1306 371 1352 Nox
392 1308 623 1364 praecessit,
643 1307 732 1352 dies
750 1315 893 1352 autem
912 1307 1286 1365 appropinquavit.
1301 1307 1387 1352 Ab·

126 1376 328 1432 jiciamus
351 1394 449 1434 ergo
471 1394 601 1434 opera
615 1377 915 1434 tenebrarum,
934 1387 977 1424 et
1005 1377 1235 1422 induamur
1264 1392 1388 1423 arma

125 1447 248 1495 lucis.

187 1557 248 1598 13,
263 1552 387 1598 Sicut
405 1553 450 1598 in
469 1554 535 1599 die
547 1553 724 1600 honeste
738 1554 1004 1602 ambulemus
1019 1573 1030 1608 ς
1048 1571 1134 1601 non
1151 1554 1197 1599 in
1216 1569 1388 1600 comes-

127 1623 382 1680 sationibus,
401 1636 442 1670 et
459 1625 753 1683 ebrietatibus,
773 1644 859 1671 non
878 1627 922 1671 in
942 1626 1168 1683 cubitibus,
1189 1636 1231 1672 et
1246 1626 1387 1685 impu-

128 1694 309 1752 dicitiis,
329 1714 417 1742 non
437 1697 482 1741 in
508 1697 793 1754 contentione,
813 1708 855 1743 et
871 1697 1163 1745 aemulatione:

189 1813 252 1862 ¹4·
269 1808 355 1854 Sed
379 1808 609 1855 induimini
630 1810 875 1856 Dominum
899 1811 1050 1858 Jesum
1075 1810 1320 1869 Christum,
1345 1819 1391 1856 et

128 1880 268 1927 carnis
288 1897 435 1927 curam
462 1899 516 1928 ne
539 1881 726 1929 feceritis
741 1883 786 1928 in
808 1883 1042 1931 desideriis.
