<?xml version="1.0" encoding="UTF-8"?>
<!DOCTYPE html PUBLIC "-//W3C//DTD XHTML 1.0 Transitional//EN"
    "http://www.w3.org/TR/xhtml1/DTD/xhtml1-transitional.dtd">
<html xmlns="http://www.w3.org/1999/xhtml" xml:lang="en" lang="en">
 <head>
  <title>
</title>
<meta http-equiv="Content-Type" content="text/html;charset=utf-8" />
  <meta name='ocr-system' content='tesseract 3.04.00' />
  <meta name='ocr-capabilities' content='ocr_page ocr_carea ocr_par ocr_line ocrx_word'/>
</head>
<body>
  <div class='ocr_page' id='page_1' title='image "./epistolaumbpauli01picq_0016.png"; bbox 0 0 1410 2554; ppageno 0'>
   <div class='ocr_carea' id='block_1_1' title="bbox 83 40 928 95">
    <p class='ocr_par' dir='ltr' id='par_1_1' title="bbox 83 40 928 95">
     <span class='ocr_line' id='line_1_1' title="bbox 83 40 928 95; baseline -0.002 -11"><span class='ocrx_word' id='word_1_1' title='bbox 83 40 173 95; x_wconf 39' lang='lat' dir='ltr'>*viij</span> <span class='ocrx_word' id='word_1_2' title='bbox 534 55 691 85; x_wconf 68' lang='lat' dir='ltr'>voum</span> <span class='ocrx_word' id='word_1_3' title='bbox 706 89 708 91; x_wconf 57' lang='grc'><strong>,</strong></span> <span class='ocrx_word' id='word_1_4' title='bbox 723 53 928 83; x_wconf 70' lang='grc' dir='ltr'>Αυοτοτιιε</span> 
     </span>
    </p>
   </div>
   <div class='ocr_carea' id='block_1_2' title="bbox 434 157 1031 205">
    <p class='ocr_par' dir='ltr' id='par_1_2' title="bbox 434 157 1031 205">
     <span class='ocr_line' id='line_1_2' title="bbox 434 157 1031 205; baseline -0.003 -1"><span class='ocrx_word' id='word_1_5' title='bbox 434 157 564 205; x_wconf 83' lang='lat' dir='ltr'>Haec</span> <span class='ocrx_word' id='word_1_6' title='bbox 592 165 667 205; x_wconf 82' lang='lat' dir='ltr'>est</span> <span class='ocrx_word' id='word_1_7' title='bbox 690 157 798 205; x_wconf 82' lang='lat' dir='ltr'>vita</span> <span class='ocrx_word' id='word_1_8' title='bbox 823 164 1031 204; x_wconf 82' lang='lat' dir='ltr'>aeterna.</span> 
     </span>
    </p>
   </div>
   <div class='ocr_carea' id='block_1_3' title="bbox 77 292 1408 2279">
    <p class='ocr_par' dir='ltr' id='par_1_3' title="bbox 95 292 1364 833">
     <span class='ocr_line' id='line_1_3' title="bbox 151 292 1363 361; baseline -0.001 -18"><span class='ocrx_word' id='word_1_9' title='bbox 151 294 377 345; x_wconf 31' lang='lat' dir='ltr'>*interim</span> <span class='ocrx_word' id='word_1_10' title='bbox 386 293 480 343; x_wconf 84' lang='lat' dir='ltr'>tibi</span> <span class='ocrx_word' id='word_1_11' title='bbox 497 330 511 355; x_wconf 87' lang='lat'>‚</span> <span class='ocrx_word' id='word_1_12' title='bbox 519 338 522 339; x_wconf 11' lang='grc' dir='ltr'><em>γ</em></span> <span class='ocrx_word' id='word_1_13' title='bbox 530 294 560 343; x_wconf 90' lang='grc' dir='ltr'>ὀ</span> <span class='ocrx_word' id='word_1_14' title='bbox 570 294 708 343; x_wconf 86' lang='lat' dir='ltr'>Deus</span> <span class='ocrx_word' id='word_1_15' title='bbox 718 294 742 341; x_wconf 18' lang='lat'>³!</span> <span class='ocrx_word' id='word_1_16' title='bbox 759 310 909 342; x_wconf 88' lang='lat' dir='ltr'>omne</span> <span class='ocrx_word' id='word_1_17' title='bbox 931 292 1126 361; x_wconf 83' lang='lat' dir='ltr'>bonum</span> <span class='ocrx_word' id='word_1_18' title='bbox 1141 294 1363 352; x_wconf 54' lang='lat' dir='ltr'>„omnis-</span> 
     </span>
     <span class='ocr_line' id='line_1_4' title="bbox 100 375 1364 443; baseline 0 -17"><span class='ocrx_word' id='word_1_19' title='bbox 100 395 198 443; x_wconf 87' lang='lat' dir='ltr'>que</span> <span class='ocrx_word' id='word_1_20' title='bbox 232 378 355 428; x_wconf 87' lang='lat' dir='ltr'>honi</span> <span class='ocrx_word' id='word_1_21' title='bbox 389 387 648 438; x_wconf 80' lang='lat' dir='ltr'>centrum,</span> <span class='ocrx_word' id='word_1_22' title='bbox 682 375 959 443; x_wconf 85' lang='lat' dir='ltr'>perfidem</span> <span class='ocrx_word' id='word_1_23' title='bbox 987 385 1036 424; x_wconf 87' lang='lat' dir='ltr'>et</span> <span class='ocrx_word' id='word_1_24' title='bbox 1068 377 1364 426; x_wconf 86' lang='lat' dir='ltr'>charitatem</span> 
     </span>
     <span class='ocr_line' id='line_1_5' title="bbox 100 457 1360 519; baseline 0 -12"><span class='ocrx_word' id='word_1_25' title='bbox 100 457 358 507; x_wconf 81' lang='lat' dir='ltr'>adhaerere</span> <span class='ocrx_word' id='word_1_26' title='bbox 374 495 387 519; x_wconf 89' lang='lat'>‚</span> <span class='ocrx_word' id='word_1_27' title='bbox 417 461 536 507; x_wconf 90' lang='lat' dir='ltr'>etin</span> <span class='ocrx_word' id='word_1_28' title='bbox 555 470 603 506; x_wconf 90' lang='lat' dir='ltr'>te</span> <span class='ocrx_word' id='word_1_29' title='bbox 622 457 727 507; x_wconf 86' lang='lat' dir='ltr'>solo</span> <span class='ocrx_word' id='word_1_30' title='bbox 742 494 755 518; x_wconf 88' lang='lat'>‚</span> <span class='ocrx_word' id='word_1_31' title='bbox 792 458 1011 507; x_wconf 90' lang='lat' dir='ltr'>Domino</span> <span class='ocrx_word' id='word_1_32' title='bbox 1029 467 1077 506; x_wconf 86' lang='lat' dir='ltr'>et</span> <span class='ocrx_word' id='word_1_33' title='bbox 1097 458 1206 507; x_wconf 94' lang='lat' dir='ltr'>Deo</span> <span class='ocrx_word' id='word_1_34' title='bbox 1227 475 1360 519; x_wconf 89' lang='lat' dir='ltr'>meo,</span> 
     </span>
     <span class='ocr_line' id='line_1_6' title="bbox 95 539 1364 606; baseline 0.002 -18"><span class='ocrx_word' id='word_1_35' title='bbox 95 549 255 588; x_wconf 84' lang='lat' dir='ltr'>totam</span> <span class='ocrx_word' id='word_1_36' title='bbox 266 558 453 606; x_wconf 86' lang='lat' dir='ltr'>ponere</span> <span class='ocrx_word' id='word_1_37' title='bbox 467 558 606 606; x_wconf 87' lang='lat' dir='ltr'>spem</span> <span class='ocrx_word' id='word_1_38' title='bbox 618 558 798 600; x_wconf 81' lang='lat' dir='ltr'>meam,</span> <span class='ocrx_word' id='word_1_39' title='bbox 813 541 935 587; x_wconf 91' lang='lat' dir='ltr'>mihi</span> <span class='ocrx_word' id='word_1_40' title='bbox 946 539 1140 588; x_wconf 91' lang='lat' dir='ltr'>bonum</span> <span class='ocrx_word' id='word_1_41' title='bbox 1152 550 1203 589; x_wconf 85' lang='lat' dir='ltr'>et</span> <span class='ocrx_word' id='word_1_42' title='bbox 1215 559 1364 590; x_wconf 87' lang='lat' dir='ltr'>omne</span> 
     </span>
     <span class='ocr_line' id='line_1_7' title="bbox 95 621 1360 688; baseline 0 -17"><span class='ocrx_word' id='word_1_43' title='bbox 95 622 290 671; x_wconf 88' lang='lat' dir='ltr'>bonum</span> <span class='ocrx_word' id='word_1_44' title='bbox 325 641 460 683; x_wconf 79' lang='lat' dir='ltr'>esse,</span> <span class='ocrx_word' id='word_1_45' title='bbox 501 623 587 671; x_wconf 56' lang='lat' dir='ltr'>tu&amp;</span> <span class='ocrx_word' id='word_1_46' title='bbox 628 622 782 688; x_wconf 56' lang='lat' dir='ltr'>grati&amp;⁴</span> <span class='ocrx_word' id='word_1_47' title='bbox 810 621 1034 688; x_wconf 82' lang='lat' dir='ltr'>intelligo</span> <span class='ocrx_word' id='word_1_48' title='bbox 1061 624 1189 671; x_wconf 86' lang='lat' dir='ltr'>:hoc</span> <span class='ocrx_word' id='word_1_49' title='bbox 1214 625 1326 671; x_wconf 59' lang='lat' dir='ltr'>vita</span> <span class='ocrx_word' id='word_1_50' title='bbox 1346 659 1360 684; x_wconf 91' lang='lat'>,</span> 
     </span>
     <span class='ocr_line' id='line_1_8' title="bbox 95 705 1362 773; baseline 0.002 -19"><span class='ocrx_word' id='word_1_51' title='bbox 95 705 196 756; x_wconf 88' lang='lat' dir='ltr'>hoc</span> <span class='ocrx_word' id='word_1_52' title='bbox 221 707 403 773; x_wconf 82' lang='lat' dir='ltr'>gloria,</span> <span class='ocrx_word' id='word_1_53' title='bbox 430 709 527 757; x_wconf 91' lang='lat' dir='ltr'>hoc</span> <span class='ocrx_word' id='word_1_54' title='bbox 551 707 772 767; x_wconf 76' lang='lat' dir='ltr'>divitiae,</span> <span class='ocrx_word' id='word_1_55' title='bbox 807 706 905 755; x_wconf 89' lang='lat' dir='ltr'>hoc</span> <span class='ocrx_word' id='word_1_56' title='bbox 935 706 1196 757; x_wconf 84' lang='lat' dir='ltr'>beatitudo</span> <span class='ocrx_word' id='word_1_57' title='bbox 1216 743 1229 768; x_wconf 88' lang='lat'>‚</span> <span class='ocrx_word' id='word_1_58' title='bbox 1263 708 1362 757; x_wconf 88' lang='lat' dir='ltr'>hoc</span> 
     </span>
     <span class='ocr_line' id='line_1_9' title="bbox 98 785 486 833; baseline -0.008 0"><span class='ocrx_word' id='word_1_59' title='bbox 98 801 248 833; x_wconf 88' lang='lat' dir='ltr'>omne</span> <span class='ocrx_word' id='word_1_60' title='bbox 273 785 486 833; x_wconf 84' lang='lat' dir='ltr'>bonum.</span> 
     </span>
    </p>

    <p class='ocr_par' dir='ltr' id='par_1_4' title="bbox 80 854 1372 1493">
     <span class='ocr_line' id='line_1_10' title="bbox 165 854 1366 925; baseline 0.003 -17"><span class='ocrx_word' id='word_1_61' title='bbox 165 859 314 908; x_wconf 82' lang='lat' dir='ltr'>Hanc</span> <span class='ocrx_word' id='word_1_62' title='bbox 335 860 487 925; x_wconf 80' lang='lat' dir='ltr'>igitur</span> <span class='ocrx_word' id='word_1_63' title='bbox 515 878 706 909; x_wconf 78' lang='lat' dir='ltr'>sacram</span> <span class='ocrx_word' id='word_1_64' title='bbox 724 896 737 920; x_wconf 87' lang='lat'>,</span> <span class='ocrx_word' id='word_1_65' title='bbox 771 859 1094 925; x_wconf 81' lang='lat' dir='ltr'>divinamque</span> <span class='ocrx_word' id='word_1_66' title='bbox 1117 854 1366 912; x_wconf 75' lang='lat' dir='ltr'>adhaesio-</span> 
     </span>
     <span class='ocr_line' id='line_1_11' title="bbox 96 939 1366 1007; baseline -0.001 -16"><span class='ocrx_word' id='word_1_67' title='bbox 96 957 244 1001; x_wconf 83' lang='lat' dir='ltr'>nem,</span> <span class='ocrx_word' id='word_1_68' title='bbox 289 939 463 988; x_wconf 54' lang='lat' dir='ltr'>eadem</span> <span class='ocrx_word' id='word_1_69' title='bbox 482 976 484 981; x_wconf 82' lang='lat'><em>-</em></span> <span class='ocrx_word' id='word_1_70' title='bbox 501 940 586 989; x_wconf 59' lang='lat' dir='ltr'>tu&amp;</span> <span class='ocrx_word' id='word_1_71' title='bbox 628 940 782 1005; x_wconf 55' lang='lat' dir='ltr'>grati&amp;</span> <span class='ocrx_word' id='word_1_72' title='bbox 802 975 815 1000; x_wconf 87' lang='lat'>,</span> <span class='ocrx_word' id='word_1_73' title='bbox 857 939 1019 988; x_wconf 88' lang='lat' dir='ltr'>libens</span> <span class='ocrx_word' id='word_1_74' title='bbox 1039 950 1104 989; x_wconf 86' lang='lat' dir='ltr'>·et</span> <span class='ocrx_word' id='word_1_75' title='bbox 1145 940 1366 1007; x_wconf 86' lang='lat' dir='ltr'>gaudens</span> 
     </span>
     <span class='ocr_line' id='line_1_12' title="bbox 80 1017 1366 1086; baseline 0.002 -19"><span class='ocrx_word' id='word_1_76' title='bbox 80 1018 222 1086; x_wconf 60' lang='lat' dir='ltr'>zelng</span> <span class='ocrx_word' id='word_1_77' title='bbox 238 1054 252 1079; x_wconf 92' lang='lat'>‚</span> <span class='ocrx_word' id='word_1_78' title='bbox 289 1018 382 1067; x_wconf 89' lang='lat' dir='ltr'>tibi</span> <span class='ocrx_word' id='word_1_79' title='bbox 410 1020 497 1066; x_wconf 90' lang='lat' dir='ltr'>uni</span> <span class='ocrx_word' id='word_1_80' title='bbox 522 1017 760 1083; x_wconf 84' lang='lat' dir='ltr'>deinceps</span> <span class='ocrx_word' id='word_1_81' title='bbox 779 1028 1052 1068; x_wconf 82' lang='lat' dir='ltr'>vacaturus</span> <span class='ocrx_word' id='word_1_82' title='bbox 1069 1055 1083 1079; x_wconf 86' lang='lat'>‚</span> <span class='ocrx_word' id='word_1_83' title='bbox 1115 1038 1206 1085; x_wconf 79' lang='lat' dir='ltr'>per</span> <span class='ocrx_word' id='word_1_84' title='bbox 1238 1021 1366 1069; x_wconf 84' lang='lat' dir='ltr'>assi-</span> 
     </span>
     <span class='ocr_line' id='line_1_13' title="bbox 97 1101 1365 1166; baseline -0.002 -11"><span class='ocrx_word' id='word_1_85' title='bbox 97 1101 253 1155; x_wconf 75' lang='lat' dir='ltr'>duam</span> <span class='ocrx_word' id='word_1_86' title='bbox 279 1103 557 1152; x_wconf 81' lang='lat' dir='ltr'>orationem</span> <span class='ocrx_word' id='word_1_87' title='bbox 582 1111 630 1149; x_wconf 92' lang='lat' dir='ltr'>et</span> <span class='ocrx_word' id='word_1_88' title='bbox 649 1118 740 1166; x_wconf 73' lang='lat' dir='ltr'>per</span> <span class='ocrx_word' id='word_1_89' title='bbox 763 1103 1056 1151; x_wconf 85' lang='lat' dir='ltr'>continuam</span> <span class='ocrx_word' id='word_1_90' title='bbox 1074 1102 1365 1154; x_wconf 84' lang='lat' dir='ltr'>meditatio-</span> 
     </span>
     <span class='ocr_line' id='line_1_14' title="bbox 95 1180 1367 1246; baseline 0 -14"><span class='ocrx_word' id='word_1_91' title='bbox 95 1199 215 1232; x_wconf 82' lang='lat' dir='ltr'>nem</span> <span class='ocrx_word' id='word_1_92' title='bbox 249 1181 394 1231; x_wconf 73' lang='lat' dir='ltr'>verbi</span> <span class='ocrx_word' id='word_1_93' title='bbox 430 1183 533 1241; x_wconf 87' lang='lat' dir='ltr'>tui,</span> <span class='ocrx_word' id='word_1_94' title='bbox 589 1180 726 1246; x_wconf 86' lang='lat' dir='ltr'>quod</span> <span class='ocrx_word' id='word_1_95' title='bbox 769 1190 970 1230; x_wconf 85' lang='lat' dir='ltr'>ae-ternae</span> <span class='ocrx_word' id='word_1_96' title='bbox 1007 1184 1234 1232; x_wconf 80' lang='lat' dir='ltr'>veritatis</span> <span class='ocrx_word' id='word_1_97' title='bbox 1255 1180 1367 1233; x_wconf 53' lang='lat' dir='ltr'>-t‘uae</span> 
     </span>
     <span class='ocr_line' id='line_1_15' title="bbox 89 1261 1372 1334; baseline -0.001 -21"><span class='ocrx_word' id='word_1_98' title='bbox 89 1264 242 1334; x_wconf 53' lang='lat' dir='ltr'>⁶quasi</span> <span class='ocrx_word' id='word_1_99' title='bbox 256 1262 426 1312; x_wconf 83' lang='lat' dir='ltr'>radius</span> <span class='ocrx_word' id='word_1_100' title='bbox 444 1271 517 1311; x_wconf 85' lang='lat' dir='ltr'>est</span> <span class='ocrx_word' id='word_1_101' title='bbox 532 1298 545 1322; x_wconf 86' lang='lat'>‚</span> <span class='ocrx_word' id='word_1_102' title='bbox 564 1271 612 1311; x_wconf 84' lang='lat' dir='ltr'>ot</span> <span class='ocrx_word' id='word_1_103' title='bbox 624 1262 784 1312; x_wconf 85' lang='lat' dir='ltr'>divini</span> <span class='ocrx_word' id='word_1_104' title='bbox 797 1262 980 1312; x_wconf 83' lang='lat' dir='ltr'>amoris</span> <span class='ocrx_word' id='word_1_105' title='bbox 996 1262 1070 1309; x_wconf 90' lang='lat' dir='ltr'>tui</span> <span class='ocrx_word' id='word_1_106' title='bbox 1093 1261 1232 1311; x_wconf 86' lang='lat' dir='ltr'>velut</span> <span class='ocrx_word' id='word_1_107' title='bbox 1246 1264 1372 1312; x_wconf 86' lang='lat' dir='ltr'>scin-</span> 
     </span>
     <span class='ocr_line' id='line_1_16' title="bbox 98 1342 1368 1407; baseline -0.002 -13"><span class='ocrx_word' id='word_1_108' title='bbox 98 1344 236 1407; x_wconf 76' lang='lat' dir='ltr'>tilla3</span> <span class='ocrx_word' id='word_1_109' title='bbox 267 1344 452 1394; x_wconf 76' lang='lat' dir='ltr'>etideo</span> <span class='ocrx_word' id='word_1_110' title='bbox 484 1346 663 1394; x_wconf 88' lang='lat' dir='ltr'>mentis</span> <span class='ocrx_word' id='word_1_111' title='bbox 688 1353 737 1393; x_wconf 90' lang='lat' dir='ltr'>et</span> <span class='ocrx_word' id='word_1_112' title='bbox 771 1342 936 1392; x_wconf 84' lang='lat' dir='ltr'>cordis</span> <span class='ocrx_word' id='word_1_113' title='bbox 963 1343 1197 1392; x_wconf 82' lang='lat' dir='ltr'>inchoata</span> <span class='ocrx_word' id='word_1_114' title='bbox 1226 1345 1330 1406; x_wconf 75' lang='lat' dir='ltr'>vita</span> <span class='ocrx_word' id='word_1_115' title='bbox 1353 1363 1368 1407; x_wconf 90' lang='lat'>;</span> 
     </span>
     <span class='ocr_line' id='line_1_17' title="bbox 97 1422 1333 1493; baseline -0.002 -18"><span class='ocrx_word' id='word_1_116' title='bbox 97 1428 202 1476; x_wconf 80' lang='lat' dir='ltr'>vita</span> <span class='ocrx_word' id='word_1_117' title='bbox 218 1429 403 1493; x_wconf 86' lang='lat' dir='ltr'>quippe</span> <span class='ocrx_word' id='word_1_118' title='bbox 427 1428 607 1475; x_wconf 88' lang='lat' dir='ltr'>mentis</span> <span class='ocrx_word' id='word_1_119' title='bbox 625 1427 810 1474; x_wconf 80' lang='lat' dir='ltr'>veritas</span> <span class='ocrx_word' id='word_1_120' title='bbox 827 1461 840 1486; x_wconf 89' lang='lat'>,</span> <span class='ocrx_word' id='word_1_121' title='bbox 865 1427 971 1473; x_wconf 83' lang='lat' dir='ltr'>vita</span> <span class='ocrx_word' id='word_1_122' title='bbox 991 1422 1157 1473; x_wconf 86' lang='lat' dir='ltr'>cordis</span> <span class='ocrx_word' id='word_1_123' title='bbox 1173 1442 1333 1474; x_wconf 86' lang='lat' dir='ltr'>amor.</span> 
     </span>
    </p>

    <p class='ocr_par' dir='ltr' id='par_1_5' title="bbox 98 1502 1372 1652">
     <span class='ocr_line' id='line_1_18' title="bbox 165 1502 1369 1569; baseline -0.002 -13"><span class='ocrx_word' id='word_1_124' title='bbox 165 1505 421 1556; x_wconf 75' lang='lat' dir='ltr'>Confirma</span> <span class='ocrx_word' id='word_1_125' title='bbox 453 1507 576 1566; x_wconf 86' lang='lat' dir='ltr'>hoc,</span> <span class='ocrx_word' id='word_1_126' title='bbox 601 1505 740 1552; x_wconf 89' lang='lat' dir='ltr'>Deus</span> <span class='ocrx_word' id='word_1_127' title='bbox 758 1539 772 1565; x_wconf 85' lang='lat'>‚</span> <span class='ocrx_word' id='word_1_128' title='bbox 808 1502 946 1569; x_wconf 80' lang='lat' dir='ltr'>quod.</span> <span class='ocrx_word' id='word_1_129' title='bbox 969 1513 1205 1569; x_wconf 83' lang='lat' dir='ltr'>operatus</span> <span class='ocrx_word' id='word_1_130' title='bbox 1227 1521 1279 1552; x_wconf 87' lang='lat' dir='ltr'>es</span> <span class='ocrx_word' id='word_1_131' title='bbox 1314 1506 1369 1553; x_wconf 90' lang='lat' dir='ltr'>in</span> 
     </span>
     <span class='ocr_line' id='line_1_19' title="bbox 98 1584 1372 1652; baseline -0.002 -15"><span class='ocrx_word' id='word_1_132' title='bbox 98 1605 198 1640; x_wconf 89' lang='lat' dir='ltr'>me.</span> <span class='ocrx_word' id='word_1_133' title='bbox 252 1585 457 1652; x_wconf 84' lang='lat' dir='ltr'>Adjuva</span> <span class='ocrx_word' id='word_1_134' title='bbox 499 1603 608 1647; x_wconf 81' lang='lat' dir='ltr'>me,</span> <span class='ocrx_word' id='word_1_135' title='bbox 647 1586 784 1633; x_wconf 89' lang='lat' dir='ltr'>Deus</span> <span class='ocrx_word' id='word_1_136' title='bbox 834 1584 1071 1633; x_wconf 82' lang='lat' dir='ltr'>salutaris</span> <span class='ocrx_word' id='word_1_137' title='bbox 1112 1602 1254 1634; x_wconf 89' lang='lat' dir='ltr'>meus</span> <span class='ocrx_word' id='word_1_138' title='bbox 1275 1621 1297 1646; x_wconf 89' lang='lat'>‚.</span> <span class='ocrx_word' id='word_1_139' title='bbox 1321 1595 1372 1634; x_wconf 90' lang='lat' dir='ltr'>et</span> 
     </span>
    </p>

    <p class='ocr_par' dir='ltr' id='par_1_6' title="bbox 77 1660 1408 2054">
     <span class='ocr_line' id='line_1_20' title="bbox 77 1660 1372 1734; baseline -0.002 -21"><span class='ocrx_word' id='word_1_140' title='bbox 77 1674 307 1734; x_wconf 76' lang='lat' dir='ltr'>¹propter</span> <span class='ocrx_word' id='word_1_141' title='bbox 328 1662 534 1730; x_wconf 81' lang='lat' dir='ltr'>gloriam</span> <span class='ocrx_word' id='word_1_142' title='bbox 552 1662 768 1712; x_wconf 86' lang='lat' dir='ltr'>nominis</span> <span class='ocrx_word' id='word_1_143' title='bbox 790 1662 893 1722; x_wconf 87' lang='lat' dir='ltr'>tui,</span> <span class='ocrx_word' id='word_1_144' title='bbox 916 1660 980 1709; x_wconf 86' lang='lat' dir='ltr'>ab</span> <span class='ocrx_word' id='word_1_145' title='bbox 1007 1661 1258 1711; x_wconf 70' lang='lat' dir='ltr'>omnibus,</span> <span class='ocrx_word' id='word_1_146' title='bbox 1277 1660 1372 1710; x_wconf 86' lang='lat' dir='ltr'>ob-</span> 
     </span>
     <span class='ocr_line' id='line_1_21' title="bbox 80 1742 1408 1809; baseline -0.005 -12"><span class='ocrx_word' id='word_1_147' title='bbox 80 1746 301 1797; x_wconf 85' lang='lat' dir='ltr'>.staculis</span> <span class='ocrx_word' id='word_1_148' title='bbox 331 1744 547 1794; x_wconf 78' lang='lat' dir='ltr'>liberum</span> <span class='ocrx_word' id='word_1_149' title='bbox 565 1780 579 1806; x_wconf 89' lang='lat'>,</span> <span class='ocrx_word' id='word_1_150' title='bbox 599 1762 678 1794; x_wconf 88' lang='lat' dir='ltr'>me</span> <span class='ocrx_word' id='word_1_151' title='bbox 708 1743 795 1791; x_wconf 60' lang='lat' dir='ltr'>tufi</span> <span class='ocrx_word' id='word_1_152' title='bbox 818 1742 1002 1809; x_wconf 74' lang='lat' dir='ltr'>grati-21,</span> <span class='ocrx_word' id='word_1_153' title='bbox 1023 1744 1075 1791; x_wconf 87' lang='lat' dir='ltr'>in</span> <span class='ocrx_word' id='word_1_154' title='bbox 1097 1744 1195 1792; x_wconf 88' lang='lat' dir='ltr'>hoc</span> <span class='ocrx_word' id='word_1_155' title='bbox 1223 1747 1408 1792; x_wconf 67' lang='lat' dir='ltr'>sacro‘</span> 
     </span>
     <span class='ocr_line' id='line_1_22' title="bbox 98 1823 1363 1892; baseline -0.006 -15"><span class='ocrx_word' id='word_1_156' title='bbox 98 1828 203 1877; x_wconf 91' lang='lat' dir='ltr'>otio</span> <span class='ocrx_word' id='word_1_157' title='bbox 218 1863 231 1888; x_wconf 89' lang='lat'>‚</span> <span class='ocrx_word' id='word_1_158' title='bbox 255 1824 390 1892; x_wconf 86' lang='lat' dir='ltr'>quod</span> <span class='ocrx_word' id='word_1_159' title='bbox 410 1835 459 1874; x_wconf 84' lang='lat' dir='ltr'>et</span> <span class='ocrx_word' id='word_1_160' title='bbox 481 1842 718 1892; x_wconf 86' lang='lat' dir='ltr'>magnum</span> <span class='ocrx_word' id='word_1_161' title='bbox 742 1825 996 1889; x_wconf 86' lang='lat' dir='ltr'>negotium</span> <span class='ocrx_word' id='word_1_162' title='bbox 1018 1832 1117 1885; x_wconf 83' lang='lat' dir='ltr'>est,</span> <span class='ocrx_word' id='word_1_163' title='bbox 1141 1823 1330 1872; x_wconf 88' lang='lat' dir='ltr'>sustine</span> <span class='ocrx_word' id='word_1_164' title='bbox 1353 1840 1363 1870; x_wconf 91' lang='lat'>:</span> 
     </span>
     <span class='ocr_line' id='line_1_23' title="bbox 96 1901 1365 1972; baseline -0.008 -15"><span class='ocrx_word' id='word_1_165' title='bbox 96 1909 270 1958; x_wconf 73' lang='lat' dir='ltr'>vivam</span> <span class='ocrx_word' id='word_1_166' title='bbox 299 1908 350 1956; x_wconf 89' lang='lat' dir='ltr'>in</span> <span class='ocrx_word' id='word_1_167' title='bbox 381 1913 640 1972; x_wconf 82' lang='lat' dir='ltr'>posterum</span> <span class='ocrx_word' id='word_1_168' title='bbox 670 1903 764 1951; x_wconf 84' lang='lat' dir='ltr'>tibi</span> <span class='ocrx_word' id='word_1_169' title='bbox 795 1902 915 1964; x_wconf 83' lang='lat' dir='ltr'>soli,</span> <span class='ocrx_word' id='word_1_170' title='bbox 954 1910 1086 1951; x_wconf 81' lang='lat' dir='ltr'>totus</span> <span class='ocrx_word' id='word_1_171' title='bbox 1130 1901 1365 1962; x_wconf 86' lang='lat' dir='ltr'>omnino,</span> 
     </span>
     <span class='ocr_line' id='line_1_24' title="bbox 105 1983 737 2054; baseline -0.009 -17"><span class='ocrx_word' id='word_1_172' title='bbox 105 2003 321 2054; x_wconf 82' lang='lat' dir='ltr'>semper.</span> <span class='ocrx_word' id='word_1_173' title='bbox 343 1983 457 2033; x_wconf 89' lang='lat' dir='ltr'>Hoc</span> <span class='ocrx_word' id='word_1_174' title='bbox 484 1993 537 2032; x_wconf 89' lang='lat' dir='ltr'>ut</span> <span class='ocrx_word' id='word_1_175' title='bbox 562 1986 631 2031; x_wconf 84' lang='lat' dir='ltr'>ita</span> <span class='ocrx_word' id='word_1_176' title='bbox 648 1984 737 2034; x_wconf 85' lang='lat' dir='ltr'>sit:</span> 
     </span>
    </p>

    <p class='ocr_par' dir='ltr' id='par_1_7' title="bbox 98 2060 1367 2279">
     <span class='ocr_line' id='line_1_25' title="bbox 163 2060 1366 2138; baseline -0.008 -22"><span class='ocrx_word' id='word_1_177' title='bbox 163 2063 400 2116; x_wconf 84' lang='lat' dir='ltr'>Illumina</span> <span class='ocrx_word' id='word_1_178' title='bbox 438 2062 637 2111; x_wconf 86' lang='lat' dir='ltr'>vultum</span> <span class='ocrx_word' id='word_1_179' title='bbox 656 2070 803 2110; x_wconf 88' lang='lat' dir='ltr'>tuum</span> <span class='ocrx_word' id='word_1_180' title='bbox 829 2077 979 2138; x_wconf 37' lang='lat' dir='ltr'>supe-r</span> <span class='ocrx_word' id='word_1_181' title='bbox 1002 2076 1082 2111; x_wconf 88' lang='lat' dir='ltr'>me</span> <span class='ocrx_word' id='word_1_182' title='bbox 1099 2095 1112 2119; x_wconf 88' lang='lat'>‚</span> <span class='ocrx_word' id='word_1_183' title='bbox 1144 2067 1192 2107; x_wconf 89' lang='lat' dir='ltr'>et</span> <span class='ocrx_word' id='word_1_184' title='bbox 1214 2060 1366 2106; x_wconf 89' lang='lat' dir='ltr'>mise-</span> 
     </span>
     <span class='ocr_line' id='line_1_26' title="bbox 98 2138 1367 2200; baseline -0.005 -8"><span class='ocrx_word' id='word_1_185' title='bbox 98 2158 212 2192; x_wconf 84' lang='lat' dir='ltr'>rere</span> <span class='ocrx_word' id='word_1_186' title='bbox 245 2143 372 2200; x_wconf 78' lang='lat' dir='ltr'>mei,</span> <span class='ocrx_word' id='word_1_187' title='bbox 405 2139 435 2188; x_wconf 85' lang='grc' dir='ltr'>ὃ</span> <span class='ocrx_word' id='word_1_188' title='bbox 470 2140 609 2188; x_wconf 86' lang='lat' dir='ltr'>Deus</span> <span class='ocrx_word' id='word_1_189' title='bbox 650 2138 862 2187; x_wconf 82' lang='lat' dir='ltr'>veritas!</span> <span class='ocrx_word' id='word_1_190' title='bbox 894 2155 982 2185; x_wconf 82' lang='lat' dir='ltr'>ure</span> <span class='ocrx_word' id='word_1_191' title='bbox 1013 2154 1102 2186; x_wconf 82' lang='lat' dir='ltr'>cor</span> <span class='ocrx_word' id='word_1_192' title='bbox 1122 2154 1291 2187; x_wconf 87' lang='lat' dir='ltr'>meum</span> <span class='ocrx_word' id='word_1_193' title='bbox 1315 2145 1367 2186; x_wconf 85' lang='lat' dir='ltr'>et</span> 
     </span>
     <span class='ocr_line' id='line_1_27' title="bbox 99 2215 1366 2279; baseline -0.004 -11"><span class='ocrx_word' id='word_1_194' title='bbox 99 2237 248 2268; x_wconf 83' lang='lat' dir='ltr'>renes</span> <span class='ocrx_word' id='word_1_195' title='bbox 266 2237 403 2268; x_wconf 85' lang='lat' dir='ltr'>meos</span> <span class='ocrx_word' id='word_1_196' title='bbox 419 2255 431 2279; x_wconf 86' lang='lat'>‚</span> <span class='ocrx_word' id='word_1_197' title='bbox 454 2220 484 2267; x_wconf 85' lang='grc' dir='ltr'>ὁ</span> <span class='ocrx_word' id='word_1_198' title='bbox 505 2219 641 2267; x_wconf 85' lang='lat' dir='ltr'>Deus</span> <span class='ocrx_word' id='word_1_199' title='bbox 659 2219 875 2267; x_wconf 80' lang='lat' dir='ltr'>charitas</span> <span class='ocrx_word' id='word_1_200' title='bbox 894 2217 903 2265; x_wconf 93' lang='lat'>!</span> <span class='ocrx_word' id='word_1_201' title='bbox 925 2216 1120 2266; x_wconf 85' lang='lat' dir='ltr'>luceam</span> <span class='ocrx_word' id='word_1_202' title='bbox 1133 2216 1161 2265; x_wconf 70' lang='grc' dir='ltr'>ἐι</span> <span class='ocrx_word' id='word_1_203' title='bbox 1177 2226 1231 2264; x_wconf 88' lang='lat' dir='ltr'>te·</span> <span class='ocrx_word' id='word_1_204' title='bbox 1249 2215 1258 2264; x_wconf 93' lang='lat'>!</span> <span class='ocrx_word' id='word_1_205' title='bbox 1280 2232 1366 2264; x_wconf 81' lang='lat' dir='ltr'>ar-</span> 
     </span>
    </p>
   </div>
   <div class='ocr_carea' id='block_1_4' title="bbox 106 2299 438 2351">
    <p class='ocr_par' dir='ltr' id='par_1_8' title="bbox 106 2299 438 2351">
     <span class='ocr_line' id='line_1_28' title="bbox 106 2299 438 2351; baseline -0.003 -1"><span class='ocrx_word' id='word_1_206' title='bbox 106 2299 254 2351; x_wconf 79' lang='lat' dir='ltr'>deam</span> <span class='ocrx_word' id='word_1_207' title='bbox 278 2309 408 2350; x_wconf 83' lang='lat' dir='ltr'>exte</span> <span class='ocrx_word' id='word_1_208' title='bbox 428 2300 438 2348; x_wconf 87' lang='lat'>!</span> 
     </span>
    </p>
   </div>
  </div>
 </body>
</html>
