1410 2554
10 47 12 55 Α
359 59 544 105 Tamtu
571 67 802 103 zxrosrno.
819 56 913 112 cup.
942 57 967 98 1
974 55 1021 99 V.
1273 58 1333 115 89

58 152 126 194 per
140 148 226 178 eum
244 135 498 188 posteritatem
518 130 848 178 innumerabilerm
869 135 906 170 et
926 126 997 169 hac
1011 126 1088 169 fide
1100 129 1240 184 justIor
1242 124 1334 172 fac-

57 211 116 245 tus
133 198 211 243 est:
228 206 266 243 et
283 200 330 241 de
342 197 415 240 hac
428 199 586 253 loquitur
603 197 666 239 hic
682 195 735 239 D.
754 194 904 238 Paulus.

96 265 360 310 Postmodum
383 262 467 305 Deo
487 263 642 305 credidit
661 270 698 304 et
717 262 884 304 obedivit
910 258 1099 301 Abraham
1116 261 1187 301 sibi
1207 258 1330 304 Isaaei

56 334 122 375 filii
138 335 191 374 sui
205 331 491 373 immolationem
502 330 749 382 praecipienti:
766 333 802 368 et
813 322 968 366 hacfide
982 327 1199 378 justissimus
1209 325 1330 369 sactus

59 406 116 440 est
133 405 170 438 et
192 395 276 439 Deo
299 395 546 448 gratissimus,
568 399 607 434 ut
627 393 754 434 videre
773 398 828 433 est
845 389 986 432 Genes.
1009 406 1074 431 υ.

113 461 258 504 Eadem
277 475 363 514 ergo
384 459 478 509 fide,
497 457 568 514 qud
582 453 667 500 Deo
681 457 813 511 placuit
833 455 1026 507 Abrabam
1045 457 1090 497 ab
1102 459 1206 499 initio
1219 489 1230 508 ,
1250 456 1326 500 ed·-

58 528 146 568 dem
170 534 206 568 et
224 526 354 579 placuit
370 527 406 564 in
423 538 619 577 processu,
638 530 676 564 et
695 537 809 576 usque
829 524 866 562 in
887 522 1024 568 finem:
1046 537 1116 563 nec
1129 523 1198 564 ulla
1218 522 1326 567 fuere

53 592 138 644 justi
162 586 322 630 Abrahae
343 601 453 638 opera
467 616 479 637 ‚
494 587 533 626 in
550 599 631 640 quae
649 585 744 626 fides
759 598 834 624 non
855 583 1053 624 influxerit.

112 654 162 696 Et
186 654 273 695 hinc
288 653 451 704 intellige
474 651 662 704 quomodo
685 649 736 693 D.
755 649 918 691 Jacobus
934 649 979 690 de
1002 648 1074 690 fide
1092 645 1258 691 Abrahae
1283 653 1327 692 in

12 726 14 734 '
55 718 307 758 immolatione
329 713 443 755 Isaaci
465 713 561 755 dicat
583 715 708 764 idem,
731 713 830 767 qnod
846 713 908 753 htc
930 709 978 754 D.
1006 709 1142 753 Paulus
1162 713 1250 755 dicit
1275 714 1328 756 de

12 772 21 797 '⁵
55 780 130 821 side
151 780 317 832 ejusdem
342 776 526 827 Abrahae,
536 780 639 819 ‘circa
658 783 780 820 ortum
798 775 901 816 isaac
920 791 929 816 z
946 782 981 816 et
999 775 1147 829 quidem
1168 783 1325 831 uterque

12 850 23 896 ξ
58 846 177 892 recte,
197 845 278 895 quia
293 843 433 895 parium
457 855 520 893 par
539 847 594 882 est
614 843 730 890 ratio,
749 846 807 891 et,
836 846 873 880 ut
898 840 1035 879 dictum
1058 845 1137 887 est,
1159 839 1254 880 fides
1278 841 1321 882 in

12 906 17 940 Ρ
58 907 184 945 omnia
199 906 280 956 justi
302 917 410 956 opera
427 902 558 942 influit.

113 969 216 1010 Hinc
225 971 331 1010 etiarn
344 967 536 1018 intelliges,
551 969 580 1006 si
594 967 694 1007 bene
715 968 838 1007 omnia
855 965 1074 1018 perpendas,
1097 963 1267 1023 qubdAp
1269 982 1324 1008 ο·-

55 1031 168 1073 stolus
190 1029 251 1070 hic
271 1043 346 1069 non
370 1029 417 1068 de
434 1026 532 1068 nuda
551 1027 624 1067 fide
641 1027 819 1080 loquitur;
842 1025 909 1066 sed
931 1026 978 1066 de
1004 1025 1078 1066 sule
1095 1023 1203 1076 viva,
1221 1041 1325 1081 ope-

16 1139 18 1141 ‚
54 1099 157 1133 rante
170 1121 181 1139 ‚
204 1089 423 1134 obediente;
444 1103 507 1129 seu
526 1087 574 1128 de
588 1088 661 1127 ficte
676 1087 807 1127 vestitai
822 1088 994 1140 operibus
1008 1087 1102 1138 spei,
1119 1085 1327 1139 charitatis,

57 1151 280 1192 obedientiae
301 1162 309 1185 τ
331 1149 471 1202 qualis,
491 1148 653 1198 scilicet,
680 1148 744 1188 suit
763 1147 855 1188 fides
878 1145 1069 1194 Abraliae‚
1100 1145 1223 1187 Deum
1243 1162 1326 1188 vo-

12 1242 23 1268 ,
52 1217 202 1252 cantem
225 1213 363 1259 secuti,
383 1209 508 1250 relictd
531 1209 663 1262 patri53
686 1212 722 1248 in
740 1206 862 1248 Deum
875 1210 1069 1260 sperantis,
1084 1206 1168 1248 Deo
1189 1212 1226 1250 in
1238 1223 1327 1250 om-

15 1273 24 1311 ἶ(
54 1275 164 1315 nibus
182 1273 414 1320 obedientis,
435 1272 544 1311 etiarn
561 1269 675 1310 filium
692 1268 881 1309 immolare
902 1270 1028 1322 parati.

10 1370 22 1404 ‘.
110 1335 158 1378 Et
177 1337 263 1378 hinc
274 1336 483 1377 comiliabis
502 1333 552 1375 D.
568 1331 719 1373 Paulum
736 1334 822 1373 fidei
836 1335 900 1382 just
910 1333 1065 1372 *fimtior
1071 1347 1129 1373 ern
1148 1335 1334 1375 tribuen-

10 1396 22 1435 ὲ
54 1403 131 1438 tem
146 1410 229 1436 cum
251 1395 302 1436 D.
323 1390 471 1435 Jacob«,
488 1394 784 1448 justificationem
802 1395 974 1446 operibus
988 1396 1221 1436 attribuente.
1234 1391 1329 1437 Jac-

54 1475 92 1499 2.
115 1474 152 1498 v.
173 1473 236 1499 21.
256 1465 290 1498 et
308 1465 460 1510 uterque
478 1461 567 1498 vere
582 1463 620 1496 et
645 1460 770 1506 recte,
788 1458 818 1496 si
848 1458 945 1496 bene
967 1457 1209 1509 intelligantur
1234 1476 1245 1499 ε
1268 1458 1326 1501 D.

51 1516 187 1558 Paulus
209 1519 309 1557 enim
326 1517 484 1569 loquitur
501 1517 548 1557 de
563 1517 637 1557 fide
651 1519 758 1557 bonis
777 1518 949 1570 operibus
963 1520 1112 1566 vestit-313
1133 1519 1180 1562 D.
1197 1515 1325 1562 autem

52 1579 216 1621 jacobus
234 1579 280 1619 de
303 1581 410 1620 bonis
427 1581 599 1632 operibus
617 1580 690 1620 fide
709 1579 830 1629 sactis,
854 1594 941 1629 seu,
975 1595 1130 1634 quorum
1161 1582 1255 1623 fides
1270 1586 1323 1625 sit

50 1647 273 1700 principium
291 1675 299 1693 ‚
320 1652 435 1684 mater
452 1652 487 1684 et
506 1645 632 1686 altrix.

107 1704 185 1746 Sed
201 1719 312 1759 quare
329 1707 381 1744 sic
397 1706 545 1745 diverso
560 1706 673 1745 modo
684 1705 794 1746 locuti
805 1707 917 1746 sunt?
935 1708 1017 1760 quia
1035 1710 1235 1755 contrarios
1247 1723 1330 1763 op-

53 1773 270 1825 pugnabant
290 1786 443 1812 errores.

110 1832 162 1874 D.
179 1832 314 1876 Paulus
332 1849 444 1887 agens
462 1842 586 1876 contra
606 1849 687 1886 eos,
709 1837 770 1890 qui
788 1835 901 1875 fldem
916 1836 1166 1890 negligentes,
1185 1839 1329 1892 gloria-

52 1899 190 1939 bantur
207 1899 255 1940 de
269 1900 400 1950 justitizi
414 1930 425 1948 ‚
448 1914 529 1953 quae
545 1907 598 1940 est
612 1915 658 1941 ex
673 1902 861 1954 operibus,
879 1904 1112 1943 commendat
1126 1907 1323 1956 justitiam.

12 1955 14 2003 ἶ
53 1972 135 2012 qnae
151 1966 204 1999 est
226 1974 272 2000 ex
297 1959 394 2008 tide,
418 1961 579 2015 dicitque
598 1959 791 2002 Abraham
807 1977 880 2002 non
897 1962 1255 2015 tuissejustificatum
1272 1980 1327 2007 ex

55 2026 233 2078 operibus
248 2054 259 2073 ‚
281 2026 392 2065 fidem
415 2028 551 2067 scilicet
567 2029 876 2078 praecedentibus.

33 2098 36 2102 '
105 2083 165 2128 D.
184 2095 306 2129 autern
331 2084 497 2130 Ja‹·.0t›us
517 2103 629 2141 agens
649 2099 774 2131 contra
803 2106 887 2139 eos,
920 2095 1005 2144 qui,
1026 2094 1198 2146 pcrccptd
1221 2095 1326 2146 fide,

52 2149 247 2200 torpebant
266 2152 367 2199 otio,
389 2158 424 2191 et
447 2154 621 2204 putabant
637 2166 677 2192 se
693 2167 758 2207 per
775 2153 946 2193 eamdem
963 2154 1088 2203 tidem
1105 2158 1332 2210 utpotejus-

11 2219 15 2248 ζ
51 2210 127 2251 tisu
131 2219 231 2261 atos,
251 2225 361 2265 posse
378 2214 534 2259 salvari
557 2218 626 2254 etsi
646 2217 742 2256 bona
761 2230 874 2269 opera
897 2230 972 2255 non
992 2216 1191 2268 haberent,
1210 2234 1327 2261 com-w

1 2290 15 2333 ¹ss
50 2273 201 2312 mendat
220 2288 344 2329 opem,
362 2283 399 2317 et
414 2276 502 2318 dicit
527 2275 716 2318 Abraham
727 2293 774 2319 ex
786 2280 960 2334 operibus
976 2294 1060 2323 esse
1073 2284 1327 2340 justificatum,

15 2374 18 2378 ,
49 2334 118 2375 sed
136 2349 220 2391 quae
238 2334 360 2378 fidem
375 2340 572 2383 subsecuta
591 2348 689 2382 sunt.

234 2404 277 2464 ιι.
525 2469 532 2474 1
1113 2405 1152 2455 χμ
