1410 2554
10 0 28 44 r

511 94 868 125 annom-rmum.
1028 88 1030 90 ’
1201 76 1294 121 xxvi
1300 77 1313 131 j

0 173 1 193 ι
50 148 139 192 „iria
152 180 164 202 ,
178 152 372 204 unicuique
387 150 513 192 sedulo
521 157 558 192 et
567 152 714 192 cordato
726 149 873 191 Lectori
885 150 1010 191 clarius
1024 150 1162 204 patebit
1177 155 1313 202 quanto

70 212 150 261 jure
166 213 212 253 de
222 215 391 253 omnibus
411 211 500 253 Divi
527 211 629 254 Pauii
646 212 806 265 epistolis
825 213 897 252 dici
935 218 1076 265 potest,
1110 211 1210 264 quod
1235 214 1312 264 ipse

6 275 21 303 ³?
71 271 206 316 Paulus
226 275 273 315 de
288 276 364 316 aliis
378 273 572 327 Scripturae
581 275 680 315 libris
696 275 838 328 protulit
853 293 863 317 ;
883 275 1018 315 scilicet
1030 275 1128 327 quod
1139 277 1314 314 instruant

6 335 7 339 ’
72 347 141 375 nos
159 336 204 375 ad
217 336 382 383 salutem,
400 335 499 387 qubd
511 335 615 375 utiles
625 337 696 374 sint
713 335 759 374 ad
776 334 997 380 docendum,
1008 335 1054 374 ad
1070 333 1312 385 arguendum,

71 397 118 437 ad
137 396 426 446 corridiendum,
449 397 496 436 ad
525 397 764 438 erudiendum
798 399 835 437 in
854 400 1008 449 justitia;
1026 400 1075 438 ita
1096 404 1135 436 ut
1157 410 1222 448 per
1252 410 1312 436 eas

70 457 250 509 perfectus
269 458 315 496 sit
331 455 445 496 homo
466 454 562 503 Dei,
589 463 624 497 et
642 456 689 496 ad
708 470 818 497 omne
839 458 977 498 bonum
996 471 1087 510 opus
1107 459 1313 496 instructus.

70 512 216 557 Datum
243 514 390 571 Parisiis
407 546 420 568 ‚
452 519 490 557 in
518 516 724 569 supradicto
744 514 966 568 Conventa,
998 517 1058 558 die
1088 530 1137 556 20
1169 517 1308 565 martii,

70 588 168 615 anno
192 573 310 627 1703.

475 641 523 684 F.
541 641 786 694 Suvznmus,
802 642 990 685 Parisinus
1003 641 1220 697 Capucinus.

0 825 4 865 .„-
0 632 13 818 W*v3-v
2 578 7 616 ’ν

70 841 252 881 Facullas
269 842 454 880 reverendi
461 844 582 893 patris
599 840 847 880 Provinciam
864 841 1297 891 Capucae’norumprooin-

529 904 599 942 cioe
613 902 852 943 Parisiensis.

0 1030 8 1106 ,ί
70 1006 208 1096 Nos
226 1051 275 1096 F.
297 1052 409 1108 Hugo
434 1053 644 1103 Parisinus,
667 1056 807 1096 ordinis
822 1054 969 1096 fratrum
989 1057 1172 1095 minorum
1192 1056 1305 1094 sancti

66 1111 250 1155 Francisci
265 1112 553 1167 Capucinorum,
576 1117 774 1168 provinciae
803 1114 1020 1156 Parisiensis
1041 1113 1279 1155 Provincialis
1293 1145 1303 1163 ,

66 1175 151 1217 licet
173 1179 386 1225 immeritus,
406 1181 489 1217 cum
521 1177 651 1216 tibrum
670 1177 862 1218 reverendi
881 1175 926 1218 P.
959 1174 1006 1218 F.
1024 1174 1240 1217 Bernardini
1259 1176 1307 1216 de

67 1234 287 1292 Picquigny,
309 1240 507 1290 provinciae
528 1243 661 1278 nostrae
679 1238 928 1278 exdefinitoris
939 1244 975 1277 et
987 1250 1096 1278 sacrae
1116 1237 1307 1289 theologiae

62 1297 433 1350 Lectoris‚mititulus
452 1306 524 1340 est:
542 1299 793 1350 Epistularum
807 1301 920 1340 Beati
936 1300 1221 1352 PaullApostoli
1228 1299 1307 1338 Ex·

59 1363 198 1414 positio
210 1363 345 1410 triplex
358 1376 373 1409 ‚·
392 1362 464 1401 duo
477 1361 734 1402 ordinisnostri
746 1362 920 1414 theologi,
934 1364 1064 1414 quibus
1076 1361 1114 1402 id
1127 1364 1305 1409 commis-

66 1433 147 1460 sum
155 1419 282 1472 fuerat,
299 1423 596 1474 recognoverint,
617 1428 654 1462 et
673 1424 710 1462 in
720 1423 837 1463 lucem
855 1423 914 1463 edi
924 1436 1031 1474 posse
1047 1424 1303 1475 probaverint:

66 1477 144 1520 Pro
161 1487 339 1532 potestate
358 1484 466 1523 nobis
484 1482 574 1522 sacta
590 1484 635 1522 ab
658 1482 855 1523 admodum
875 1483 1081 1523 reverendo
1098 1489 1197 1533 patre
1213 1480 1274 1522 Au
1285 1504 1305 1511 -

66 1542 238 1591 gustinoa
250 1539 417 1591 Tissana,
437 1542 573 1581 ordinis
589 1544 701 1582 nostri
717 1541 888 1582 Ministro
907 1542 1080 1594 generali,
1099 1542 1303 1582 facultatem

66 1604 302 1645 concedimus
319 1607 506 1659 praesatum
522 1606 652 1647 librum
674 1609 767 1660 typis
777 1607 984 1647 mandandi.
1001 1605 1133 1647 Datum
1141 1605 1301 1655 Parisiis,

65 1663 125 1705 die
147 1680 173 1720 9
191 1668 278 1717 junii
301 1667 418 1723 1703.
1256 1683 1258 1686 ·

700 1741 747 1785 F.
765 1741 913 1794 HUGO,
943 1741 1193 1784 provincialis.
