1410 2554
270 106 453 141 ‘rarum
480 107 709 140 axrosmm
727 93 822 149 Cap.
845 93 934 134 IX.
1166 92 1245 143 241

0 175 39 222 ff.
57 167 178 230 ²³9·
195 170 262 212 32.
278 182 359 222 cap.
377 183 418 224 9.
434 163 490 218 Y.
511 165 579 209 35,
599 174 638 209 et
652 162 767 210 Deus
795 178 859 206 cor
875 161 1082 205 Pharaonis
1103 162 1254 205 indura·

0 243 66 291 vit,
79 235 205 281 Exod.
225 250 287 277 ιο.
301 229 348 277 fi.
367 247 403 274 1.
421 245 484 274 πο.
501 246 569 285 ²7·
586 238 751 274 etc.cum
761 229 835 271 hoc
844 229 1059 270 discrimine
1070 229 1250 277 maximo,

48 300 164 354 Quod
180 301 298 341 homo
315 310 398 338 sese
419 297 566 350 proprie
584 301 622 336 et
644 295 802 348 positive
821 292 964 333 indurat
984 290 1049 332 sua
1065 291 1200 332 malitia
1214 298 1254 331 et

0 363 264 407 obstinatione3
287 357 390 400 Deus
405 363 528 397 autem
544 356 687 396 indurat
703 357 944 410 permissive,
960 351 1157 406 negative,
1178 367 1256 394 non
1328 383 1334 388 .

0 426 120 468 dando
147 421 340 478 specialem
360 421 533 472 gratiam,
554 418 654 459 illum
686 431 764 458 suae
791 418 936 458 malitiae
956 416 1190 467 deserendo,
1212 421 1254 457 et

0 485 256 536 sinendo-fieri
286 483 496 529 duriorem
518 480 668 522 illumin
687 482 861 534 patientia
877 479 1117 530 sustinendo,
1137 486 1172 520 et
1194 478 1257 521 le·-

0 555 90 595 niter
101 549 304 592 tractando.

51 610 118 656 Sic
147 612 222 654 Dei
244 610 490 652 misericordia
523 607 759 651 Pharaonem
790 609 996 649 indurabat.
1026 604 1128 649 Cum
1156 611 1258 650 enirn

0 691 83 719 eum
101 675 302 730 flagellabat
314 673 442 723 Deus,
455 672 648 713 videbatur
669 672 770 726 quod
787 671 959 726 populum
985 669 1061 712 Dei
1081 671 1260 712 dimissu-

0 754 58 780 rus
75 745 170 780 erar:
186 740 270 777 cum
288 737 376 776 vero
394 732 500 774 Deus
518 733 704 774 auferebat
721 733 859 787 flagella
873 762 884 781 ,
907 729 1053 772 Pharao
1072 732 1184 773 fiebat
1208 746 1260 774 ex

0 815 44 843 eo
66 800 340 841 contumacior:
359 804 396 838 et
418 799 466 838 ita
497 796 545 838 de
567 794 729 846 Judaeis,
751 803 788 837 et
805 795 852 837 de
881 795 1053 836 omnibus
1071 794 1260 837 obduratis

0 861 172 913 intellige.

16 968 20 973 p
54 921 202 963 Pharao
220 919 295 961 Dei
319 921 530 973 patientiam
554 919 776 959 existimavit
794 916 1103 968 imbecillitatem,
1127 918 1262 968 eteius

3 984 109 1026 causa
131 998 233 1025 suam
251 985 349 1023 auxit
369 982 646 1022 contumaciam.
666 979 943 1022 Theodoretus.

474 1125 786 1155 CONCLUSIO·

59 1250 124 1294 Ex
135 1250 351 1304 supradictis
365 1249 590 1291 concluditur
603 1250 703 1303 quod
718 1248 820 1290 Deus
835 1249 1014 1290 donorum
1027 1262 1176 1291 suorum
1192 1249 1265 1290 do-

3 1315 146 1363 minus,
175 1326 366 1365 supremus
398 1318 434 1352 et
464 1312 670 1352 liberrimus
697 1315 891 1364 gratiarum
921 1325 1067 1351 suarum
1101 1312 1264 1364 dispen-

5 1382 124 1418 sator:
141 1378 310 1428 gratiam,
344 1377 400 1415 cui
421 1375 498 1415 vult
522 1376 749 1427 impertitur:
768 1379 850 1415 cum
876 1377 1088 1425 miseretur,
1110 1378 1266 1428 gratuito

7 1444 45 1480 et
61 1438 256 1492 liberaliter
273 1439 464 1478 miseretur
485 1452 494 1475 :
513 1439 595 1476 cum
614 1439 823 1490 quempiam
849 1437 996 1478 tandem
1014 1438 1085 1477 sibi
1103 1440 1173 1491 ipsi
1190 1438 1267 1480 de-

9 1501 124 1550 serit,
155 1499 241 1539 nulli
260 1499 344 1539 facit
362 1500 546 1549 injuriam,
565 1497 631 1537 sed
650 1500 785 1549 justum
807 1506 954 1539 exercet
970 1499 1166 1550 judicium
1183 1502 1267 1541 mi-

9 1562 220 1603 sericordiae
235 1574 311 1602 suae
330 1561 497 1614 exempla
513 1560 613 1600 dedit
630 1563 667 1601 in
687 1556 834 1602 Jacobo
856 1567 894 1602 et
911 1566 1065 1615 posteris
1082 1564 1184 1613 ejus;
1204 1564 1270 1605 dat

8 1626 100 1664 etin
121 1623 373 1672 credentibus,
392 1637 457 1663 seu
476 1620 637 1671 Judaeis‚
656 1637 720 1663 seu
735 1621 966 1670 Gentilibus;
983 1625 1128 1675 justitiae
1142 1638 1270 1672 exem7

7 1686 67 1742 pla
80 1686 183 1727 dedit
203 1688 240 1725 in
258 1683 454 1725 Pharaone
470 1691 508 1724 et
523 1684 708 1724 obduratis
730 1683 887 1727 JudaeiS.

65 1749 176 1792 Hanc
191 1753 384 1791 veritatem
405 1750 577 1800 edoctus,
595 1764 675 1790 ama
693 1746 824 1792 Deum
846 1750 1124 1792 misericordem
1139 1782 1150 1801 ,
1176 1756 1267 1795 time

9 1813 163 1864 justum;
190 1811 249 1852 dic
268 1819 304 1852 et
323 1818 449 1864 repete
467 1824 615 1863 semper
632 1826 642 1849 ε
666 1812 841 1852 Miser-cre
860 1812 949 1862 met,
974 1812 1079 1853 Deus
1091 1843 1106 1862 ,
1126 1827 1269 1856 secun-

9 1873 99 1912 diam
119 1886 296 1924 magnam
315 1878 352 1911 et
366 1885 492 1924 puram
511 1873 802 1912 misericordiam
823 1881 944 1913 tuam.

65 1930 120 1983 Ῡ.
139 1948 200 1988 ¹9.
217 1934 323 1974 Dicis·
338 1934 462 1987 itaque
478 1934 576 1972 mihi
593 1949 605 1972 .·
626 1933 731 1988 Quid
753 1936 879 1975 adhuc
898 1939 1116 1989 querulum-‚a
1132 1938 1268 1990 objec-

7 1997 62 2039 tio
88 1998 110 2035 ὲ
134 1994 266 2037 Judaeo
281 1996 372 2036 tacta
394 1995 444 2036 ob
464 1995 731 2049 praecedentem
751 1997 1022 2038 conclusionem
1044 2013 1051 2034 ε
1074 1999 1128 2047 si,
1146 2005 1186 2040 ut
1206 2000 1268 2040 di-

10 2058 85 2106 cis,
114 2057 219 2097 Deus
229 2057 338 2109 cujus
357 2057 441 2098 vult
458 2085 472 2105 ,
491 2058 683 2098 miseretur
695 2086 707 2101 ‚
734 2066 771 2099 et
791 2074 897 2112 quem
911 2061 993 2100 vul:
1003 2060 1156 2099 indurat
1171 2089 1186 2109 ,
1204 2076 1268 2102 cur

13 2130 101 2170 ergo
121 2117 167 2158 de
194 2120 446 2172 peccatoribus
461 2118 725 2171 conqueritur?
746 2134 809 2160 cur
832 2134 898 2161 eos
919 2126 1063 2160 actusat
1078 2127 1115 2160 et
1134 2124 1237 2174 punit
1247 2122 1271 2167 ἲ,
1284 2165 1294 2173 ,

11 2178 200 2220 voluntate
222 2182 323 2220 enirn
342 2178 417 2221 Dei
431 2180 518 2221 tales
533 2187 642 2221 sunt:
663 2182 738 2222 Dei
750 2188 877 2222 autem
895 2182 1085 2223 voluntari
1106 2184 1188 2236 quis
1205 2199 1269 2225 re·

12 2242 122 2281 sistat
134 2241 156 2281 Ρ

69 2299 171 2342 Huic
196 2300 419 2355 blasphemae
446 2306 742 2358 interrogationi,
770 2304 903 2358 duplici
937 2304 1050 2345 modo
1068 2308 1268 2360 respondet

14 2358 233 2416 Apostolus.
264 2370 317 2406 ιθ
345 2363 526 2408 Retundit
549 2367 847 2420 blasphemorum
874 2369 1083 2421 superbiam
1098 2377 1175 2410 tum
1190 2371 1268 2420 ob·-¹

240 2434 275 2460 ι.
1037 2435 1048 2444 .
1069 2436 1077 2441 .
