1410 2554
128 52 187 90 xx
582 53 809 83 rnonocus
820 71 837 92 ,
853 46 934 84 etc.

195 111 268 160 At
289 126 391 159 non
410 110 550 174 aeque
573 118 769 158 constat
786 109 923 176 apud
944 127 1116 160 omnes
1132 110 1195 161 de
1214 109 1392 162 ordine

129 210 230 260 quo
246 191 494 258 pleraeque
511 192 708 256 scriptae
726 190 962 254 fuerunt3
983 191 1070 241 sed
1091 194 1144 240 in
1163 210 1217 241 re
1236 191 1392 241 dubia

128 274 258 322 varii
275 274 413 321 varie
436 272 732 336 conjiciunt.
755 272 1038 339 Praecipuas
1056 272 1274 322 referam
1289 275 1392 339 opi·

128 357 304 405 niones
322 356 374 402 in
395 353 688 403 Praefatione
706 355 976 420 unicuique
995 355 1208 422 propria
1229 363 1279 403 et
1297 356 1394 404 sin-

137 441 265 508 gulis
280 441 545 506 praeposita
556 475 566 486 .

191 525 399 574 Interim
415 561 428 586 ,
447 525 531 574 hic
550 524 778 574 ordinem
801 543 1000 591 appono
1018 562 1031 586 ‚
1055 544 1205 591 quem
1222 541 1397 575 recen-

128 608 313 668 tiores,
348 625 403 655 re
436 606 566 656 serio
598 607 879 655 examinata
898 643 910 667 ,
947 616 1126 672 putant
1154 605 1396 674 probabi—-

112 686 327 737 liorem.

190 768 365 816 'Prima
388 767 613 814 omnium
631 768 817 832 scripta
840 776 944 827 est,
982 768 1122 832 prior
1144 767 1207 816 ad
1236 767 1398 816 ’Πιθε-

132 846 466 899 salonicenses
482 881 495 905 ‚
518 847 776 906 Corinthi,
799 863 932 895 anno
950 846 1139 894 Christi
1161 847 1244 894 52.

195 929 427 979 Secunda
444 932 690 996 posterior
705 929 768 978 ad
785 929 1252 979 Thessalonicenses
1264 966 1278 990 ‚
1295 948 1397 994 non

134 1010 295 1060 multo
315 1021 427 1076 post
450 1013 670 1078 priorem
685 1047 697 1071 ‚
720 1020 775 1059 ut
798 1019 936 1076 patet
952 1028 1011 1059 ex
1033 1012 1394 1060 materiae'con-

135 1091 392 1142 formitate
410 1129 423 1154 ‚
454 1103 504 1142 et
531 1112 594 1142 ex
615 1091 789 1142 eadem
817 1094 1139 1158 inscriptione
1163 1129 1176 1154 ‚
1213 1095 1264 1142 in
1301 1110 1400 1159 qua

141 1177 396 1246 Sylvanus
409 1176 1005 1226 &Timotheus-‘Corinthi
1014 1196 1115 1236 ,an.
1132 1178 1192 1226 52
1202 1174 1301 1225 ‚vel
1315 1176 1396 1226 53.

137 1259 189 1322 {33¹
208 1259 271 1308 Et
296 1258 356 1307 de
391 1260 468 1307 his
515 1258 713 1307 duabus
744 1260 1054 1307 conveniunt
1086 1276 1258 1307 omnes
1287 1266 1401 1324 post

133 1342 205 1392 D.
229 1343 648 1410 Chrysostomum
668 1350 716 1389 et
738 1339 1109 1389 Thedoretum:
1146 1358 1238 1389 nec
1267 1341 1402 1388 enim

138 1425 291 1470 unius
311 1422 563 1470 Neoterici
584 1432 634 1469 et
658 1420 861 1485 quidem
888 1420 1142 1479 extranei,
1179 1418 1401 1486 singula-

136 1518 248 1550 rem
275 1502 359 1549 hic
389 1502 676 1565 opinionem
704 1516 1069 1559 commemoro,
1090 1497 1152 1547 de
1182 1516 1280 1563 qua
1309 1516 1401 1550 suo

135 1581 250 1631 loco
288 1583 341 1629 in
374 1579 672 1629 praefatione
716 1579 950 1628 secundae
983 1578 1047 1630 ad
1081 1579 1402 1630 Thessaloni-

139 1679 330 1711 censes.

196 1743 367 1791 Tertia
397 1742 461 1792 ad
492 1741 721 1801 Galatas,
749 1760 829 1789 an.
863 1741 1051 1789 Christi
1084 1740 1176 1800 55,
1207 1740 1289 1789 vel
1314 1741 1399 1790 56.

133 1823 319 1890 Ephesi
343 1843 352 1872 :
371 1824 422 1874 id
438 1834 604 1874 tamen
623 1841 725 1872 non
740 1832 795 1872 ut
813 1832 1007 1872 certum
1024 1823 1262 1872 asseritur
1279 1859 1292 1884 ,
1315 1822 1404 1873 sed

136 1913 195 1953 ut
243 1923 414 1953 rerum
468 1904 792 1953 Paulinarum
849 1904 1014 1954 ordini
1062 1906 1399 1954 conveniens:

123 1986 288 2052 sshujus
305 2023 317 2047 ‚
340 1997 395 2034 ut
420 2004 510 2035 suo
531 1986 642 2035 loco
661 1986 943 2046 videbitur,
969 1995 1165 2051 tempus
1191 1995 1267 2035 est
1293 2002 1403 2034 om-

137 2069 282 2117 nium
303 2070 707 2118 incertissimum.

210 2151 402 2209 Quarta
422 2150 483 2200 ad
505 2150 793 2201 Corinthios
815 2153 954 2218 prior
969 2187 982 2213 ,
998 2168 1079 2199 an.
1103 2148 1183 2197 56.
1200 2148 1402 2215 Ephesi.

201 2231 392 2290 Quinta
433 2235 682 2299 posterior
724 2232 786 2283 ad
825 2234 1114 2284 Corinthios
1130 2268 1144 2294 ,
1186 2250 1271 2280 an.
1319 2231 1404 2294 57.

139 2315 381 2385 Philippis
400 2335 487 2367 seu
511 2320 538 2367 ὸ
559 2314 872 2367 Macedonia.
