1410 2554
14 0 41 88 f
307 49 490 80 τιιηεκ
528 43 557 70 ⁸¹⁵
573 48 779 79 xrosrrro·
810 35 904 90 Cap.
934 35 971 78 I.
1226 36 1278 79 13

12 110 58 153 de
70 112 281 151 stinatusest
297 115 336 150 ut
346 108 548 150 secundum
557 106 774 162 hypostasin
791 109 839 148 sit
856 105 1028 147 naturalis
1044 103 1158 147 Filius
1176 104 1274 155 θεῖς

20 227 22 230 y
69 177 234 224 virtute,
256 187 321 215 seu
338 186 422 222 cum
450 172 615 228 potentia
630 172 788 213 faciendi
815 171 1010 212 miracuta·
1041 185 1150 224 quam
1152 171 1276 213 habet

41 237 176 295 Spiritu
191 247 338 291 sancto,
367 240 625 280 incarnationis
656 244 833 289 auct-ore,
866 236 1036 291 hancque
1069 238 1274 291 potentiam

77 306 204 349 taravit
225 307 492 348 resurrectione
514 311 591 345 tum
606 302 691 353 sua,
711 309 789 344 tum
818 302 984 343 aliorum.

8 383 9 387 ’
26 416 30 426 Ζ
54 363 284 414 'Secundum
298 369 451 412 Graecos
467 369 530 410 hic
545 383 673 410 sensus
693 375 749 410 est
766 384 775 407 ε
794 370 862 409 etsi
884 368 1087 409 secundum
1099 367 1273 410 humani·

25 442 123 480 'atem
145 439 191 478 sit
214 436 307 482 filius
334 434 458 477 David
474 466 485 486 ‚
504 441 627 476 tamen
659 434 858 475 declaratus
878 441 934 475 est
961 433 1130 474 naturalis
1150 431 1269 475 Filius

51 502 108 548 ei,
137 497 251 539 tribus
271 497 501 550 potissimum
523 497 744 548 argumentis
762 512 770 541 ;
792 499 929 547 nempe
950 525 958 543 ‚
983 508 1049 548 per
1065 495 1270 548 potentiam

0 550 2 556 ’
47 558 260 601 iraculorum
279 572 288 603 ς
306 572 375 611 ,ρετ
393 555 689 597 sanctificationis
701 553 875 608 Spiritum
896 586 906 605 ‚
923 561 1071 608 peccata
1086 556 1271 595 remitten-

33 619 56 662 ὸ
75 650 84 667 .
103 617 277 672 Spiritum
293 623 456 658 sanctum
478 615 707 658 conferendo
723 631 731 662 3
753 628 825 668 per
840 617 1142 656 resurrectionem
1163 628 1271 654 mor-

49 700 168 734 orum,
193 681 262 736 qua
288 697 328 724 se
361 689 396 722 et
419 682 504 723 alios
524 683 745 723 suscitavita
762 682 926 721 mortuis.
941 678 997 720 Ita
1019 680 1068 721 D.
1098 678 1270 736 Chryso·

23 760 116 798 om.
136 743 289 785 Theod.
307 742 526 798 Theophyt.

19 807 27 838 ²·
64 809 160 852 Haec
182 811 488 863 interpretationis
512 808 704 849 diversitas
731 814 808 848 orta
836 814 890 848 est
919 821 966 848 ex
991 803 1135 847 Graeeae
1165 807 1269 847 vocis

29 878 240 928 mbiguitate
263 871 391 927 ορίςέιν
415 888 494 927 quae
517 869 699 927 significat
725 873 902 920 definire,
943 873 1127 912 destinare
1142 903 1154 923 ‚
1192 872 1270 912 de-

46 938 201 978 rminare
219 950 228 982 ;
255 935 352 988 quod
372 933 490 974 Graeci
513 934 696 986 explicant
715 948 779 986 per
795 934 952 973 verbum
970 933 1151 974 declarare
1165 963 1177 984 ‚
1202 932 1270 974 ‹le-

12 1045 17 1048 ⁴
50 1003 234 1047 onstrare,
258 994 379 1035 Latini
398 998 487 1034 vero
509 1008 574 1048 per
589 995 744 1034 verbum
762 993 1034 1048 praedestinare.

61 1061 171 1104 Patet
190 1061 348 1115 legenti,
370 1060 465 1114 quod
481 1058 695 1101 Graecorum
717 1060 911 1114 explicatio
928 1062 973 1100 sit
990 1060 1095 1100 valde
1117 1066 1267 1102 natura·

21 1131 79 1177 ts,
102 1135 293 1181 careatque
322 1126 615 1175 difficultatibus,
650 1141 738 1181 quas
774 1126 952 1167 habemus
986 1129 1022 1166 in
1052 1125 1268 1180 expticanda

11 1184 154 1230 Christi
170 1187 489 1241 praedestinatione
503 1194 541 1227 ut
556 1190 603 1228 sit
619 1185 732 1227 Filius
757 1183 852 1237 Dei,
867 1187 1158 1239 etinexpliranda
1170 1202 1267 1242 syn-

0 1256 83 1336 in
110 1262 146 1295 et
168 1267 278 1294 sensu
307 1253 505 1292 verborum
525 1256 775 1307 sequentium,
803 1252 942 1294 scilicet
962 1252 1001 1292 in
1020 1254 1173 1303 virtute,
1205 1269 1269 1294 se-

10 1316 173 1358 cundum
193 1315 373 1368 Spiritum
390 1342 403 1361 ,
434 1321 505 1354 eie.

11 1387 14 1390 ·
65 1374 246 1418 Audiatur
263 1376 393 1415 unicus
416 1372 746 1427 lhcophylactus:
778 1373 859 1426 Qui
871 1374 1049 1425 definitus
1065 1381 1122 1414 est
1147 1374 1267 1415 Filius

8 1438 89 1483 Dei
115 1442 152 1480 in
174 1442 323 1488 virtute,
355 1447 425 1480 etc.
443 1438 559 1492 Supra
580 1438 695 1486 dixit,
716 1435 964 1492 Evangelium
997 1453 1078 1480 esse
1106 1439 1153 1480 de
1171 1437 1267 1482 Filio

9 1499 85 1542 Dei
105 1516 115 1549 ς
140 1515 237 1542 nunc
259 1503 411 1550 astruit,
437 1500 592 1552 qufinam
615 1502 754 1540 ratione
773 1502 941 1553 cognitus
963 1503 1008 1540 sit
1026 1498 1140 1540 Filius
1155 1499 1231 1542 Dei
1252 1529 1266 1553 ‚

6 1568 177 1621 inquiens
194 1597 204 1617 ‚
238 1566 406 1607 definitus
425 1597 434 1613 ,
474 1566 546 1605 hoc
576 1572 631 1607 est
672 1566 940 1607 demonstratus
955 1597 965 1616 ‚
1003 1568 1235 1607 confirmatus
1254 1597 1266 1619 ,

0 1627 198 1686 [dimicatus.
218 1624 393 1666 Definitio
404 1628 505 1666 enim
522 1633 576 1666 est
595 1629 671 1679 ipsa
689 1626 875 1679 judicatio,
889 1627 1101 1680 suffragium
1117 1642 1182 1669 seu
1194 1627 1266 1669 cal-

0 1687 108 1747 }mlus
124 1693 159 1728 et
175 1690 368 1727 sententia.

0 1749 5 1781 ν’
63 1751 163 1794 Nam
185 1755 304 1793 cuncti
333 1753 557 1797 definierunt
575 1783 585 1802 ‚
612 1752 886 1808 judicfimntque
906 1756 1026 1807 ipsum
1051 1766 1134 1794 esse
1151 1753 1267 1796 filium

6 1812 110 1860 Det:
137 1817 337 1859 Undenam
355 1817 371 1855 ?
392 1822 431 1858 in
465 1820 627 1867 v1‘1·!11te‚·
646 1819 718 1859 hoc
747 1826 800 1860 est
822 1833 870 1861 ex
898 1819 1062 1872 potentia
1080 1827 1118 1860 et
1135 1819 1268 1862 effica-

9 1884 108 1928 oeciz‘i
126 1886 312 1938 signorum
337 1900 416 1939 qnae
446 1885 613 1926 faciebat.
647 1884 833 1927 Praeterea
859 1888 1060 1926 secundum
1082 1888 1267 1938 Spiritum

7 1949 356 2001 sanctifiaticom's‚·
379 1949 451 1990 hoc
472 1957 551 2001 cst,
577 1964 624 1991 ex
653 1948 787 2003 Spiritu
808 1980 821 1999 ,
842 1965 907 2004 per
929 1965 1039 2005 quem
1060 1952 1268 1992 sanctifica-

0 2012 70 2055 bat
90 2015 282 2055 credentes
305 2031 313 2062 ;
336 2014 408 2056 Dei
436 2019 536 2056 enim
565 2022 618 2056 est
656 2016 794 2058 donare
815 2017 912 2058 tatia.
937 2015 1037 2068 Quin
1057 2020 1167 2058 etiam
1184 2047 1197 2067 ‚
1216 2032 1267 2056 ex

6 2079 271 2116 resurrectione
297 2085 548 2125 mortuorum,
543 2092 552 2102 ·
582 2092 665 2119 nam
695 2080 832 2130 primus
857 2078 914 2118 itte
943 2084 977 2118 et
999 2078 1096 2118 solus
1129 2080 1267 2131 seipse

6 2143 192 2183 accitavir.
222 2140 350 2196 Itaque
377 2157 425 2184 ex
447 2147 710 2185 resurrectione
732 2144 902 2185 definitus
921 2151 974 2185 est
995 2158 1037 2183 ac
1066 2143 1267 2184 declaratus

5 2197 123 2244 Filius
139 2200 235 2250 Dei;
255 2217 428 2263 magnum
450 2206 551 2245 enim
568 2211 603 2245 et
622 2204 694 2246 hoc
709 2212 778 2255 est,
793 2205 945 2258 perinde
964 2210 1073 2258 atque
1088 2205 1167 2257 ipse
1188 2205 1268 2243 ait·

6 2261 104 2312 mm
139 2260 382 2311 exaltaveritis
413 2285 473 2311 me
496 2285 516 2311 3
543 2270 668 2325 terra,
698 2278 785 2314 tunc
813 2274 1043 2325 cognoscetis
1071 2269 1170 2324 quod
1195 2282 1266 2323 ego

5 2345 102 2374 sum.
119 2330 174 2377 Ita
191 2335 264 2378 huc
280 2350 396 2391 usque
413 2333 629 2391 Theophyl.
