1410 2554
0 90 3 108 l

349 41 779 81 rmpzexxnxeosrrro,
804 30 901 90 βαρ.
928 31 1028 73 XII.
1221 31 1307 75 325

104 96 350 153 Proficientes
369 101 503 145 faciunt
513 101 612 155 quod
626 101 756 144 melius
768 107 822 143 est
833 98 1015 156 ,Deique
1026 100 1139 142 oculis
1153 104 1303 155 gratius,

49 162 212 204 consilia.

102 227 264 271 Persecti
275 229 409 273 faciunt
429 230 528 284 quod
543 229 748 283 perfectum
766 236 820 271 est
834 258 845 279 ‚
855 227 1299 284 'Deoquegratissimum5

46 290 159 346 idque
175 290 363 345 perfecte,
384 306 450 333 seu
465 305 590 335 amore
609 305 701 344 puro
719 321 731 341 ,
746 297 784 332 et
806 291 980 333 charitate
990 290 1168 343 perfecta.

102 357 150 408 f·
170 361 210 402 3.
234 361 327 401 Dico
361 362 460 400 enim
489 376 558 413 per
586 363 751 412 gratiam
783 375 866 414 qua:
898 361 991 400 data
1021 367 1076 400 est
1078 389 1195 402 .....
1212 358 1303 402 Hoc

45 426 146 463 enim
162 452 177 472 ‚
196 426 309 475 jungit
328 426 518 476 sequentia
537 437 619 463 curn
649 424 943 477 praecedentibus
962 438 970 462 :
989 426 1091 476 quasi
1123 418 1266 464 diceret
1285 437 1299 465 ε

43 484 144 528 Dico
162 489 269 527 vobis
287 502 368 540 quae
385 490 430 528 sit
453 501 537 540 erga
554 501 622 527 vos
639 485 710 527 Dei
735 488 923 536 voluntas,
946 487 1104 538 scilicet,
1123 494 1161 528 ut
1181 486 1300 528 nullus

42 549 203 601 superbe
219 552 351 590 sentiat
366 549 414 590 de
430 551 643 604 semetipso.
660 548 758 591 Vide
775 549 1032 603 paraphrasim.

97 615 299 661 Altercatio
320 622 415 661 inter
431 619 560 661 fideles
577 617 727 662 Judaeos
742 628 781 661 et
805 618 956 661 Graecos
972 626 1070 668 orta,
1094 618 1201 670 hujus
1223 619 1297 660 ad·-

43 683 255 725 monitionis
274 683 506 725 occasionem
538 681 665 730 dedit3
688 684 770 736 quia
803 686 903 722 enim
929 684 1072 734 utrique
1099 682 1299 723 modestiae

41 742 140 794 leges
161 751 417 792 excesserant,
445 752 482 785 et
516 747 554 785 in
585 745 763 794 jactantiae
793 746 921 785 vitium
949 740 1177 793 inciderant,
1208 744 1299 786 hinc

40 805 213 845 omnibus
235 805 405 846 fidelibus
433 805 571 848 Romae
591 807 832 847 existentibus
858 803 910 847 D.
937 804 1070 846 Paulus
1094 819 1143 846 ex
1170 804 1295 848 officio

40 871 204 909 muneris
233 866 439 921 Apostolici
474 873 657 924 praecipit,
681 879 720 911 nt
753 885 859 924 supra
887 870 1039 910 modum
1071 871 1117 909 de
1145 883 1189 910 se
1217 885 1294 912 non

39 932 219 979 sentiant,
239 931 305 971 sed
322 933 442 972 sobrie
457 961 468 980 ,
496 933 683 982 modeste,
704 939 740 972 et
757 935 849 972 intra
866 946 1073 972 mensuram
1094 931 1203 982 fidei,
1227 946 1294 974 seu

37 991 129 1033 doni
141 995 182 1033 in
195 993 270 1033 fide
286 996 355 1035 sibi
373 998 394 1035 a
411 993 546 1048 Spiritu
568 1003 694 1036 sancto
713 996 844 1037 collati.

91 1065 168 1108 Per
188 1068 302 1110 fidem
316 1083 404 1122 ergo
419 1071 481 1111 hic
497 1071 705 1123 intelligitur
731 1071 870 1111 donum
898 1071 985 1111 fidei
1010 1069 1236 1111 Christianae
1253 1078 1292 1112 et

37 1131 147 1170 etiam
170 1130 265 1171 dona
281 1134 432 1183 gratuita
463 1139 499 1172 et
525 1133 704 1181 visibilia,
729 1147 810 1185 quae
842 1140 927 1173 tunc
958 1131 1112 1186 Splritus
1144 1139 1291 1174 sanctus

36 1191 205 1232 fidelibus
224 1193 439 1245 largiebatur
455 1225 465 1244 ,
487 1202 523 1236 et
542 1210 696 1249 quorum
714 1195 990 1236 fundamentum
1003 1203 1058 1236 est
1075 1196 1180 1236 fides.

53 1274 57 1277 ·
91 1260 313 1305 Modestiam
343 1272 588 1318 praecepturus
601 1295 611 1313 ,
647 1265 865 1306 modestiam
895 1271 1016 1305 servat
1050 1261 1253 1317 Apostolus
1277 1278 1288 1304 ε

39 1330 95 1366 1.⁰
112 1322 378 1379 Apostolatum
399 1340 506 1368 suum
525 1331 677 1379 gratiam
693 1343 830 1369 vocans
848 1358 858 1377 ‚
877 1342 941 1368 seu
958 1331 1067 1380 grans
1083 1335 1290 1380 acceptum.

34 1392 95 1429 2?
110 1386 280 1430 Indicans
299 1390 338 1430 id
365 1404 412 1430 ex
431 1389 551 1430 officio
581 1405 620 1430 se
643 1389 783 1437 facere,
806 1397 842 1431 et
871 1391 917 1430 ad
936 1389 1008 1429 hoc
1025 1392 1206 1430 monitum
1235 1392 1289 1431 eis

35 1448 217 1499 dandum,
255 1464 302 1490 ex
335 1465 485 1492 munere
513 1450 730 1505 Apostolico
764 1454 892 1492 teneri.
913 1451 971 1491 3.⁰
991 1449 1111 1492 Utens
1143 1454 1282 1503 verbo,

34 1510 142 1558 dico,
163 1525 240 1552 non
256 1519 377 1552 autem
394 1514 511 1553 verbo
524 1541 537 1562 ,
552 1514 754 1566 proect‘pt'o;
774 1513 873 1566 quod
890 1511 1104 1552 modestius.

90 1575 143 1617 Ita
162 1580 338 1630 superior,
357 1579 536 1631 praelatus,
548 1582 641 1620 intra
655 1579 849 1620 modestiae
866 1578 999 1618 limites
1014 1592 1054 1618 se
1069 1574 1283 1629 contineat,

31 1637 254 1679 modestiam
275 1639 558 1680 commendam.

84 1706 140 1748 Ita
160 1709 310 1762 quilibet
339 1709 456 1749 fidelis
474 1712 576 1761 juxta
594 1710 683 1750 doni
704 1724 910 1750 mensuram
925 1713 944 1749 ὲ
961 1707 1046 1753 Deo.
1069 1710 1139 1749 sibi
1164 1710 1283 1751 collati

30 1775 136 1821 agat,
151 1769 270 1810 alieno
289 1770 424 1811 talento
445 1785 514 1812 nec
534 1771 718 1822 invideat,
739 1785 809 1812 nec
827 1785 868 1811 se
888 1772 1040 1822 ingerat.

72 1833 126 1885 ss.
141 1838 180 1886 4.
190 1838 294 1878 Sicut
305 1840 402 1877 enim
419 1840 458 1877 1'n
473 1855 545 1878 uno
555 1854 754 1893 corpora...
770 1837 908 1879 Probat
918 1838 1116 1890 quemlibet
1132 1837 1282 1880 fidelem

30 1897 167 1938 debere
184 1911 309 1951 sapere
332 1899 377 1938 ad
403 1901 638 1941 sobrietatem
654 1931 664 1951 ,
687 1908 722 1941 et
745 1901 836 1940 intra
857 1913 1064 1939 mensuram
1083 1899 1192 1948 fidei,
1212 1913 1279 1940 seu

29 1960 290 2015 doniaccepti.·
306 1962 379 2004 hoc
394 1971 515 2005 autem
535 1965 665 2019 probat
685 1962 918 2004 similitudine
939 1961 1111 2014 sumptria
1126 1976 1280 2015 corpore

27 2025 320 2068 humanmsicut
344 2032 442 2070 enim
472 2033 510 2070 in
529 2046 601 2070 uno
635 2036 671 2071 et
694 2029 827 2070 eodem
859 2042 1036 2080 corpore,
1058 2027 1168 2067 multa
1194 2034 1281 2069 sunt

26 2091 194 2131 membra
227 2091 392 2138 diversa;
424 2092 505 2132 haec
523 2100 647 2134 autem
676 2095 798 2133 omnia
819 2091 985 2131 membra
1005 2103 1082 2130 non
1107 2089 1279 2131 eamdem

24 2150 166 2195 habent
185 2154 408 2197 functionem
425 2172 433 2196 ι
451 2156 579 2198 srustra
598 2159 697 2198 enim
720 2161 844 2198 essent
862 2154 1006 2196 diversa
1018 2183 1031 2206 ,
1044 2155 1115 2195 nisi
1130 2159 1278 2208 propter

25 2223 125 2257 actus
143 2217 322 2261 diversos.

75 2283 132 2336 ff.
150 2283 187 2327 5.
201 2286 266 2326 Ila
280 2289 393 2329 multi
411 2305 526 2331 unum
543 2308 674 2345 corpus
690 2306 871 2334 διακαῇ...
891 2288 974 2345 Syr.
995 2291 1045 2332 ita
1062 2296 1098 2332 et
1122 2302 1192 2331 nos
1213 2290 1276 2344 qui
