1410 2554
330 39 512 71 numu
539 38 765 70 exmsmo.
793 24 887 80 Cup.
909 25 988 70 VJ.
1205 30 1284 73 135

24 112 223 163 aeternamz
240 105 320 144 sive
344 100 500 151 Christi,
534 107 573 142 ut
594 115 663 154 pro
680 100 854 142 mercede
870 99 1042 150 justitiam
1062 98 1228 149 habeatis
1246 107 1284 143 et

24 167 179 209 fructum
193 165 308 215 illius,
326 167 440 207 vitam
470 170 659 206 aeternam.

81 242 224 286 Gratias
242 246 350 297 igitur
369 241 477 294 Deo,
506 242 606 297 qnod
628 244 710 283 cum
729 240 867 282 fueritis
885 241 984 280 servi
999 242 1161 292 peccati,
1195 240 1283 282 huic

23 307 255 348 miserrimae»
280 306 444 345 servituti
482 304 735 348 renuntiastis3
772 302 947 343 obedistis
980 309 1104 342 autem
1141 305 1283 344 sincere

24 367 174 412 Christo
190 372 290 421 juxta
306 368 476 415 modum,
497 382 607 421 quem
623 363 818 420 Evangelii
839 370 916 418 ejus
932 366 1095 407 doctrina
1113 371 1283 420 praescri-

20 435 96 480 bit;
121 431 263 487 hacque
278 430 401 472 vestra
416 429 630 472 obedientia
642 461 655 481 ‚
673 445 741 471 vos
760 430 854 471 ultro
868 428 1005 472 Christi
1022 433 1176 484 imperio
1193 432 1283 473 sub-

19 498 169 548 jecistis.

10 577 15 581 ·
75 555 239 598 Liberali
254 559 375 609 itaque
390 560 410 598 a
425 558 564 610 peccati
583 559 780 603 servitute;
804 559 902 598 servi
919 557 1000 597 sacti
1016 559 1102 598 estis
1119 559 1279 609 justitiae,

26 619 98 673 qua
112 619 198 662 Deo
212 622 386 670 servitur,
407 622 463 661 cui
476 622 616 661 servire
630 634 782 672 regnare
799 626 870 662 est.

83 694 122 738 A
135 698 242 737 vobis
254 711 330 737 non
345 698 454 750 exigo
468 697 568 749 quod
578 699 655 748 jure
673 711 818 751 possem
831 716 840 745 ;
855 697 920 738 sed
936 697 1134 736 infirmitati
1147 705 1283 740 vestrae

20 759 282 810 memetipsum
298 763 543 809 attemperans
554 788 564 806 ‚
585 766 672 811 peto
689 766 726 799 ut
744 771 869 811 parem
882 771 980 798 nunc
995 753 1088 797 Deo
1102 762 1283 809 praestetis

19 824 257 871 servitutem,
279 837 388 875 quam
408 821 626 863 exhibuistis
638 824 794 871 delict03
814 830 850 863 ut
867 830 970 863 tanto
991 829 1122 863 conatu
1135 825 1285 866 studea-

20 884 69 924 tis
79 886 221 934 justitiae
234 885 280 925 ad
294 892 452 926 vestram
468 887 791 925 sanctificationem
803 885 1007 936 augendam
1017 915 1027 933 ‚
1042 893 1179 938 quanto
1193 887 1283 928 olim

21 949 208 990 studuistis
225 950 469 990 immunditiae
483 957 518 990 et
535 951 738 1002 iniquitati,
761 957 799 990 ut
820 964 967 1002 semper
981 953 1108 991 essetis
1121 952 1280 1006 iniquio-

20 1021 80 1049 res
97 1016 133 1049 et
152 1011 426 1063 inquinatiores.
995 1015 997 1017 ’
1297 1064 1312 1070 x

78 1069 175 1112 Cum
212 1075 311 1113 enim
336 1074 438 1114 velut
461 1075 642 1126 mancipia
671 1080 820 1127 peccato
852 1075 1095 1123 serviebatis,
1131 1078 1240 1116 eratis
1261 1079 1284 1117 ὲ

22 1135 158 1185 justitia
185 1134 316 1180 alieni;
341 1135 388 1175 de
408 1150 450 1176 ea
475 1150 522 1176 ne
540 1137 752 1188 cogitabatis
780 1135 928 1188 quidem
950 1152 958 1175 :
986 1138 1032 1176 ita
1061 1149 1149 1188 ergo
1183 1151 1283 1178 nunc

21 1199 166 1249 justitiae
184 1197 298 1255 libere
313 1201 517 1240 servientes
528 1229 538 1249 ‚
558 1203 579 1239 a
594 1206 743 1252 peccato
759 1201 836 1238 sitis
851 1202 1003 1239 omnino
1014 1199 1121 1240 alieni
1140 1215 1149 1246 ς
1169 1200 1216 1240 de
1233 1214 1282 1243 eo

14 1271 72 1298 *ne
88 1260 269 1311 cogitetis.

16 1367 17 1370 Ἴ
79 1319 168 1362 Hoc
186 1329 224 1362 ut
239 1322 408 1364 libentius
426 1322 584 1371 faciatis,
605 1323 784 1364 attendite
803 1326 884 1377 quis
897 1326 943 1363 sit
958 1326 1143 1377 utriusque
1157 1329 1283 1368 servi-

22 1384 108 1424 tutis
123 1385 257 1425 exitus.

81 1459 207 1514 Quem
226 1465 325 1503 enim
340 1462 494 1502 fructum
507 1494 518 1513 ‚
534 1470 593 1502 aut
613 1476 719 1516 quam
732 1462 920 1502 utilitatem
941 1462 1117 1504 habuistis
1134 1478 1181 1506 ex
1194 1479 1282 1506 ves·

26 1527 91 1566 tris
111 1529 267 1578 peccatis
285 1531 323 1566 et
347 1526 602 1577 impudicitiis,
623 1526 670 1566 de
689 1528 820 1578 quibus
843 1528 1065 1567 etiamnunc
1087 1530 1282 1571 erubesci-

27 1588 74 1627 tis
91 1587 204 1627 ?finis
223 1593 344 1626 autem
359 1583 583 1627 illorum‘erit
605 1601 704 1627 mors
718 1594 866 1627 aeterna.

80 1671 192 1714 Nunc
209 1676 298 1713 vero
319 1673 341 1712 ὲ
374 1677 535 1724 peccator
554 1671 718 1720 liberati,
745 1667 836 1710 Deo
855 1676 979 1710 autem
999 1674 1222 1725 mancipati,
1242 1676 1282 1716 in

24 1740 193 1792 praesenti
220 1738 374 1778 fructum
396 1735 540 1776 habetis
563 1738 764 1776 animarum
779 1743 982 1776 vestrarum
1014 1739 1282 1781 sanctificatio-

25 1813 114 1840 nem
132 1830 144 1849 ,
162 1803 200 1840 in
219 1800 336 1840 futuro
354 1798 539 1838 babebitis
558 1800 671 1838 vitam
686 1804 874 1839 aeternam.

81 1858 317 1913 Stipendium
339 1861 441 1901 enim
459 1864 495 1900 et
512 1860 687 1900 cibarium
705 1860 804 1914 quod
823 1862 1026 1911 peccatori,
1054 1875 1119 1902 seu
1142 1865 1283 1916 peccati

0 1923 130 1976 ‚militi
158 1925 280 1974 datur,
307 1928 361 1965 est
393 1938 512 1973 mors,
534 1930 570 1964 et
598 1938 699 1966 mors
731 1932 894 1966 aeterna:
918 1925 1133 1966 donativum
1161 1928 1280 1978 verb,

27 1986 126 2038 quod
149 1988 242 2036 justo
256 2015 266 2034 ‚
285 2000 350 2026 seu
373 1987 515 2036 justitiae
529 1986 632 2026 militi
650 1987 767 2034 datur,
785 1995 837 2028 est
859 1987 1106 2028 immortalitas
1120 1995 1155 2028 et
1174 1995 1282 2029 aeter-

25 2061 74 2088 na
90 2047 237 2089 felicitas
250 2079 262 2098 ‚
283 2063 391 2101 quam
406 2051 514 2090 nobis
529 2055 773 2103 promeruitet
790 2052 959 2104 pzozuisit
980 2050 1166 2092 Dominus
1178 2048 1280 2093 Nos-

26 2115 83 2150 ter
104 2108 212 2152 Jesus
231 2109 410 2153 Christus.
