<?xml version="1.0" encoding="UTF-8"?>
<!DOCTYPE html PUBLIC "-//W3C//DTD XHTML 1.0 Transitional//EN"
    "http://www.w3.org/TR/xhtml1/DTD/xhtml1-transitional.dtd">
<html xmlns="http://www.w3.org/1999/xhtml" xml:lang="en" lang="en">
 <head>
  <title>
</title>
<meta http-equiv="Content-Type" content="text/html;charset=utf-8" />
  <meta name='ocr-system' content='tesseract 3.04.00' />
  <meta name='ocr-capabilities' content='ocr_page ocr_carea ocr_par ocr_line ocrx_word'/>
</head>
<body>
  <div class='ocr_page' id='page_1' title='image "./epistolaumbpauli01picq_0162.png"; bbox 0 0 1410 2554; ppageno 0'>
   <div class='ocr_carea' id='block_1_1' title="bbox 77 42 1397 2388">
    <p class='ocr_par' dir='ltr' id='par_1_1' title="bbox 77 42 1388 677">
     <span class='ocr_line' id='line_1_1' title="bbox 115 42 996 90; baseline 0.003 -4"><span class='ocrx_word' id='word_1_1' title='bbox 115 42 194 90; x_wconf 66' lang='lat'>118</span> <span class='ocrx_word' id='word_1_2' title='bbox 472 54 676 86; x_wconf 67' lang='lat' dir='ltr'>amsa-om:</span> <span class='ocrx_word' id='word_1_3' title='bbox 694 56 762 84; x_wconf 56' lang='lat' dir='ltr'>A»</span> <span class='ocrx_word' id='word_1_4' title='bbox 787 56 996 89; x_wconf 55' lang='lat' dir='ltr'>nonanus</span> 
     </span>
     <span class='ocr_line' id='line_1_2' title="bbox 77 115 1388 174; baseline 0.005 -18"><span class='ocrx_word' id='word_1_5' title='bbox 77 161 80 164; x_wconf 11' lang='grc' dir='ltr'><strong>Α</strong></span> <span class='ocrx_word' id='word_1_6' title='bbox 172 115 403 168; x_wconf 75' lang='lat' dir='ltr'>Propterea,</span> <span class='ocrx_word' id='word_1_7' title='bbox 422 115 459 155; x_wconf 88' lang='lat' dir='ltr'>id</span> <span class='ocrx_word' id='word_1_8' title='bbox 475 122 556 166; x_wconf 87' lang='lat' dir='ltr'>est,</span> <span class='ocrx_word' id='word_1_9' title='bbox 585 122 784 170; x_wconf 85' lang='lat' dir='ltr'>propterea</span> <span class='ocrx_word' id='word_1_10' title='bbox 804 116 926 170; x_wconf 76' lang='lat' dir='ltr'>qubd;</span> <span class='ocrx_word' id='word_1_11' title='bbox 943 118 1051 170; x_wconf 82' lang='lat' dir='ltr'>quia,</span> <span class='ocrx_word' id='word_1_12' title='bbox 1074 132 1179 170; x_wconf 87' lang='lat' dir='ltr'>nam,</span> <span class='ocrx_word' id='word_1_13' title='bbox 1203 121 1305 161; x_wconf 73' lang='lat' dir='ltr'>sicut</span> <span class='ocrx_word' id='word_1_14' title='bbox 1314 136 1388 174; x_wconf 82' lang='lat' dir='ltr'>per</span> 
     </span>
     <span class='ocr_line' id='line_1_3' title="bbox 117 172 1386 233; baseline 0.003 -16"><span class='ocrx_word' id='word_1_15' title='bbox 117 191 237 223; x_wconf 62' lang='lat' dir='ltr'>ungam</span> <span class='ocrx_word' id='word_1_16' title='bbox 252 178 464 225; x_wconf 76' lang='lat' dir='ltr'>hominem,</span> <span class='ocrx_word' id='word_1_17' title='bbox 487 173 676 217; x_wconf 90' lang='lat' dir='ltr'>Adamum</span> <span class='ocrx_word' id='word_1_18' title='bbox 699 177 860 227; x_wconf 84' lang='lat' dir='ltr'>scilicet,</span> <span class='ocrx_word' id='word_1_19' title='bbox 879 183 919 218; x_wconf 91' lang='lat' dir='ltr'>ut</span> <span class='ocrx_word' id='word_1_20' title='bbox 937 172 984 221; x_wconf 55' lang='lat' dir='ltr'>f.</span> <span class='ocrx_word' id='word_1_21' title='bbox 1009 179 1070 229; x_wconf 70' lang='lat'>14.</span> <span class='ocrx_word' id='word_1_22' title='bbox 1085 180 1264 233; x_wconf 86' lang='lat' dir='ltr'>explicat,</span> <span class='ocrx_word' id='word_1_23' title='bbox 1289 197 1386 233; x_wconf 84' lang='lat' dir='ltr'>pec-</span> 
     </span>
     <span class='ocr_line' id='line_1_4' title="bbox 116 243 1384 298; baseline 0.005 -15"><span class='ocrx_word' id='word_1_24' title='bbox 116 251 245 284; x_wconf 82' lang='lat' dir='ltr'>catum</span> <span class='ocrx_word' id='word_1_25' title='bbox 262 243 436 298; x_wconf 80' lang='lat' dir='ltr'>originale</span> <span class='ocrx_word' id='word_1_26' title='bbox 447 274 458 294; x_wconf 92' lang='lat'><strong>‚</strong></span> <span class='ocrx_word' id='word_1_27' title='bbox 491 249 527 283; x_wconf 90' lang='lat' dir='ltr'>et</span> <span class='ocrx_word' id='word_1_28' title='bbox 549 243 626 283; x_wconf 79' lang='lat' dir='ltr'>&#39;tota</span> <span class='ocrx_word' id='word_1_29' title='bbox 640 245 754 284; x_wconf 86' lang='lat' dir='ltr'>series</span> <span class='ocrx_word' id='word_1_30' title='bbox 767 250 1003 296; x_wconf 83' lang='lat' dir='ltr'>peccatorum</span> <span class='ocrx_word' id='word_1_31' title='bbox 1022 246 1213 286; x_wconf 77' lang='lat' dir='ltr'>actualium</span> <span class='ocrx_word' id='word_1_32' title='bbox 1237 261 1286 288; x_wconf 86' lang='lat' dir='ltr'>ex</span> <span class='ocrx_word' id='word_1_33' title='bbox 1303 250 1384 289; x_wconf 86' lang='lat' dir='ltr'>ori-</span> 
     </span>
     <span class='ocr_line' id='line_1_5' title="bbox 115 307 1383 365; baseline 0.003 -17"><span class='ocrx_word' id='word_1_34' title='bbox 115 308 225 365; x_wconf 79' lang='lat' dir='ltr'>ginali</span> <span class='ocrx_word' id='word_1_35' title='bbox 253 314 397 357; x_wconf 89' lang='lat' dir='ltr'>secuta,</span> <span class='ocrx_word' id='word_1_36' title='bbox 419 308 571 347; x_wconf 68' lang='lat' dir='ltr'>introvit</span> <span class='ocrx_word' id='word_1_37' title='bbox 593 309 632 347; x_wconf 83' lang='lat' dir='ltr'>in</span> <span class='ocrx_word' id='word_1_38' title='bbox 652 307 859 357; x_wconf 81' lang='lat' dir='ltr'>mundum,</span> <span class='ocrx_word' id='word_1_39' title='bbox 878 307 917 347; x_wconf 85' lang='lat' dir='ltr'>id</span> <span class='ocrx_word' id='word_1_40' title='bbox 946 314 1025 354; x_wconf 87' lang='lat' dir='ltr'>est,</span> <span class='ocrx_word' id='word_1_41' title='bbox 1055 310 1097 348; x_wconf 88' lang='lat' dir='ltr'>in</span> <span class='ocrx_word' id='word_1_42' title='bbox 1119 308 1294 350; x_wconf 88' lang='lat' dir='ltr'>homines</span> <span class='ocrx_word' id='word_1_43' title='bbox 1315 314 1383 352; x_wconf 91' lang='lat' dir='ltr'>in-</span> 
     </span>
     <span class='ocr_line' id='line_1_6' title="bbox 118 371 1382 426; baseline 0.002 -13"><span class='ocrx_word' id='word_1_44' title='bbox 118 372 214 413; x_wconf 85' lang='lat' dir='ltr'>colas</span> <span class='ocrx_word' id='word_1_45' title='bbox 231 371 371 412; x_wconf 89' lang='lat' dir='ltr'>mundi.</span> <span class='ocrx_word' id='word_1_46' title='bbox 386 371 437 410; x_wconf 81' lang='lat' dir='ltr'>Et</span> <span class='ocrx_word' id='word_1_47' title='bbox 455 386 524 423; x_wconf 85' lang='lat' dir='ltr'>per</span> <span class='ocrx_word' id='word_1_48' title='bbox 536 377 736 423; x_wconf 78' lang='lat' dir='ltr'>peccatum</span> <span class='ocrx_word' id='word_1_49' title='bbox 753 385 854 410; x_wconf 83' lang='lat' dir='ltr'>mors</span> <span class='ocrx_word' id='word_1_50' title='bbox 871 371 1068 424; x_wconf 83' lang='lat' dir='ltr'>corporalis</span> <span class='ocrx_word' id='word_1_51' title='bbox 1081 401 1093 422; x_wconf 95' lang='lat'>‚</span> <span class='ocrx_word' id='word_1_52' title='bbox 1111 379 1148 412; x_wconf 90' lang='lat' dir='ltr'>et</span> <span class='ocrx_word' id='word_1_53' title='bbox 1168 371 1247 414; x_wconf 83' lang='lat' dir='ltr'>aliae</span> <span class='ocrx_word' id='word_1_54' title='bbox 1261 387 1382 426; x_wconf 85' lang='lat' dir='ltr'>poenae</span> 
     </span>
     <span class='ocr_line' id='line_1_7' title="bbox 118 430 1382 489; baseline 0.002 -15"><span class='ocrx_word' id='word_1_55' title='bbox 118 438 158 476; x_wconf 82' lang='lat' dir='ltr'>in</span> <span class='ocrx_word' id='word_1_56' title='bbox 185 450 312 489; x_wconf 64' lang='lat' dir='ltr'>omnes</span> <span class='ocrx_word' id='word_1_57' title='bbox 340 435 507 474; x_wconf 74' lang='lat' dir='ltr'>homines</span> <span class='ocrx_word' id='word_1_58' title='bbox 530 435 833 487; x_wconf 88' lang='lat' dir='ltr'>pertransierunt.</span> <span class='ocrx_word' id='word_1_59' title='bbox 852 430 899 473; x_wconf 84' lang='lat' dir='ltr'>In</span> <span class='ocrx_word' id='word_1_60' title='bbox 927 450 1023 487; x_wconf 82' lang='lat' dir='ltr'>quo,</span> <span class='ocrx_word' id='word_1_61' title='bbox 1053 435 1191 476; x_wconf 82' lang='lat' dir='ltr'>scilicet</span> <span class='ocrx_word' id='word_1_62' title='bbox 1216 433 1382 477; x_wconf 87' lang='lat' dir='ltr'>Adamo.</span> 
     </span>
     <span class='ocr_line' id='line_1_8' title="bbox 119 493 1382 551; baseline 0 -11"><span class='ocrx_word' id='word_1_63' title='bbox 119 497 187 540; x_wconf 88' lang='lat' dir='ltr'>Gr.</span> <span class='ocrx_word' id='word_1_64' title='bbox 210 500 248 549; x_wconf 76' lang='grc' dir='ltr'>ἐφ</span> <span class='ocrx_word' id='word_1_65' title='bbox 264 502 291 551; x_wconf 74' lang='grc' dir='ltr'><strong><em>ᾧ</em></strong></span> <span class='ocrx_word' id='word_1_66' title='bbox 318 498 506 539; x_wconf 78' lang='lat' dir='ltr'>masculini</span> <span class='ocrx_word' id='word_1_67' title='bbox 538 500 704 551; x_wconf 80' lang='lat' dir='ltr'>generis3</span> <span class='ocrx_word' id='word_1_68' title='bbox 735 493 911 549; x_wconf 64' lang='grc' dir='ltr'>ἁμαρτία</span> <span class='ocrx_word' id='word_1_69' title='bbox 931 527 941 548; x_wconf 87' lang='grc'><em>,</em></span> <span class='ocrx_word' id='word_1_70' title='bbox 963 505 1176 551; x_wconf 85' lang='lat' dir='ltr'>peccatum,</span> <span class='ocrx_word' id='word_1_71' title='bbox 1198 499 1382 541; x_wconf 81' lang='lat' dir='ltr'>seminini.</span> 
     </span>
     <span class='ocr_line' id='line_1_9' title="bbox 120 557 1380 613; baseline 0 -13"><span class='ocrx_word' id='word_1_72' title='bbox 120 559 226 601; x_wconf 87' lang='lat' dir='ltr'>Hinc</span> <span class='ocrx_word' id='word_1_73' title='bbox 247 557 422 601; x_wconf 88' lang='lat' dir='ltr'>inGraeco</span> <span class='ocrx_word' id='word_1_74' title='bbox 451 559 548 600; x_wconf 88' lang='lat' dir='ltr'>nulla</span> <span class='ocrx_word' id='word_1_75' title='bbox 568 561 885 612; x_wconf 78' lang='lat' dir='ltr'>aequivocatian</span> <span class='ocrx_word' id='word_1_76' title='bbox 904 575 974 613; x_wconf 88' lang='lat' dir='ltr'>quo</span> <span class='ocrx_word' id='word_1_77' title='bbox 989 562 1097 612; x_wconf 80' lang='lat' dir='ltr'>igitur</span> <span class='ocrx_word' id='word_1_78' title='bbox 1109 558 1275 611; x_wconf 81' lang='lat' dir='ltr'>Adamu,</span> <span class='ocrx_word' id='word_1_79' title='bbox 1291 567 1380 601; x_wconf 89' lang='lat' dir='ltr'>tan-</span> 
     </span>
     <span class='ocr_line' id='line_1_10' title="bbox 119 620 1381 677; baseline -0.002 -14"><span class='ocrx_word' id='word_1_80' title='bbox 119 636 227 677; x_wconf 88' lang='lat' dir='ltr'>quam</span> <span class='ocrx_word' id='word_1_81' title='bbox 241 624 278 663; x_wconf 85' lang='lat' dir='ltr'>in</span> <span class='ocrx_word' id='word_1_82' title='bbox 293 622 396 663; x_wconf 84' lang='lat' dir='ltr'>sonte</span> <span class='ocrx_word' id='word_1_83' title='bbox 410 629 444 662; x_wconf 91' lang='lat' dir='ltr'>et</span> <span class='ocrx_word' id='word_1_84' title='bbox 461 623 641 676; x_wconf 84' lang='lat' dir='ltr'>principio</span> <span class='ocrx_word' id='word_1_85' title='bbox 652 620 803 662; x_wconf 88' lang='lat' dir='ltr'>humani</span> <span class='ocrx_word' id='word_1_86' title='bbox 814 624 974 674; x_wconf 86' lang='lat' dir='ltr'>generis,</span> <span class='ocrx_word' id='word_1_87' title='bbox 989 636 1117 661; x_wconf 84' lang='lat' dir='ltr'>omnes</span> <span class='ocrx_word' id='word_1_88' title='bbox 1125 629 1381 673; x_wconf 79' lang='lat' dir='ltr'>peccaverunt.</span> 
     </span>
    </p>

    <p class='ocr_par' dir='ltr' id='par_1_2' title="bbox 118 682 1382 931">
     <span class='ocr_line' id='line_1_11' title="bbox 170 682 1382 741; baseline -0.002 -13"><span class='ocrx_word' id='word_1_89' title='bbox 170 684 272 728; x_wconf 86' lang='lat' dir='ltr'>Ecce</span> <span class='ocrx_word' id='word_1_90' title='bbox 290 689 732 741; x_wconf 83' lang='lat' dir='ltr'>primumcomparationis</span> <span class='ocrx_word' id='word_1_91' title='bbox 778 688 988 728; x_wconf 87' lang='lat' dir='ltr'>membrum</span> <span class='ocrx_word' id='word_1_92' title='bbox 1006 687 1053 726; x_wconf 90' lang='lat' dir='ltr'>ab</span> <span class='ocrx_word' id='word_1_93' title='bbox 1071 682 1253 738; x_wconf 88' lang='lat' dir='ltr'>Apostolo</span> <span class='ocrx_word' id='word_1_94' title='bbox 1274 686 1382 739; x_wconf 82' lang='lat' dir='ltr'>posi-</span> 
     </span>
     <span class='ocr_line' id='line_1_12' title="bbox 120 748 1382 806; baseline -0.006 -13"><span class='ocrx_word' id='word_1_95' title='bbox 120 759 219 801; x_wconf 81' lang='lat' dir='ltr'>tum3</span> <span class='ocrx_word' id='word_1_96' title='bbox 256 760 292 793; x_wconf 85' lang='lat' dir='ltr'>at</span> <span class='ocrx_word' id='word_1_97' title='bbox 326 754 467 806; x_wconf 84' lang='lat' dir='ltr'>impetu</span> <span class='ocrx_word' id='word_1_98' title='bbox 495 748 651 803; x_wconf 68' lang='lat' dir='ltr'>Spiritus</span> <span class='ocrx_word' id='word_1_99' title='bbox 685 751 857 802; x_wconf 87' lang='lat' dir='ltr'>abreptus</span> <span class='ocrx_word' id='word_1_100' title='bbox 870 781 882 799; x_wconf 92' lang='lat'>‚</span> <span class='ocrx_word' id='word_1_101' title='bbox 915 749 1068 790; x_wconf 88' lang='lat' dir='ltr'>alterum</span> <span class='ocrx_word' id='word_1_102' title='bbox 1101 749 1382 801; x_wconf 79' lang='lat' dir='ltr'>comparationis</span> 
     </span>
     <span class='ocr_line' id='line_1_13' title="bbox 118 811 1380 869; baseline -0.006 -11"><span class='ocrx_word' id='word_1_103' title='bbox 118 819 327 858; x_wconf 88' lang='lat' dir='ltr'>membrum</span> <span class='ocrx_word' id='word_1_104' title='bbox 351 815 472 857; x_wconf 78' lang='lat' dir='ltr'>differt</span> <span class='ocrx_word' id='word_1_105' title='bbox 487 828 603 869; x_wconf 88' lang='lat' dir='ltr'>usque</span> <span class='ocrx_word' id='word_1_106' title='bbox 620 813 666 854; x_wconf 86' lang='lat' dir='ltr'>ad</span> <span class='ocrx_word' id='word_1_107' title='bbox 693 811 747 864; x_wconf 57' lang='grc' dir='ltr'>Υ.</span> <span class='ocrx_word' id='word_1_108' title='bbox 773 813 835 854; x_wconf 89' lang='lat'>18.</span> <span class='ocrx_word' id='word_1_109' title='bbox 851 812 974 864; x_wconf 76' lang='lat' dir='ltr'>Igitur</span> <span class='ocrx_word' id='word_1_110' title='bbox 989 815 1085 852; x_wconf 77' lang='lat' dir='ltr'>sicut</span> <span class='ocrx_word' id='word_1_111' title='bbox 1100 827 1169 863; x_wconf 77' lang='grc' dir='ltr'><em>ρει·</em></span> <span class='ocrx_word' id='word_1_112' title='bbox 1183 812 1292 851; x_wconf 84' lang='lat' dir='ltr'>unius</span> <span class='ocrx_word' id='word_1_113' title='bbox 1305 811 1380 850; x_wconf 83' lang='lat' dir='ltr'>de-</span> 
     </span>
     <span class='ocr_line' id='line_1_14' title="bbox 120 878 1022 931; baseline -0.002 -12"><span class='ocrx_word' id='word_1_114' title='bbox 120 881 272 930; x_wconf 74' lang='lat' dir='ltr'>lictum,</span> <span class='ocrx_word' id='word_1_115' title='bbox 291 887 361 921; x_wconf 89' lang='lat' dir='ltr'>etc.</span> <span class='ocrx_word' id='word_1_116' title='bbox 378 880 431 919; x_wconf 88' lang='lat' dir='ltr'>ibi</span> <span class='ocrx_word' id='word_1_117' title='bbox 449 881 549 919; x_wconf 86' lang='lat' dir='ltr'>enim</span> <span class='ocrx_word' id='word_1_118' title='bbox 565 878 767 919; x_wconf 88' lang='lat' dir='ltr'>absolvitur</span> <span class='ocrx_word' id='word_1_119' title='bbox 786 878 1022 931; x_wconf 87' lang='lat' dir='ltr'>comparatio.</span> 
     </span>
    </p>

    <p class='ocr_par' dir='ltr' id='par_1_3' title="bbox 119 938 1383 1120">
     <span class='ocr_line' id='line_1_15' title="bbox 171 938 1383 997; baseline -0.002 -13"><span class='ocrx_word' id='word_1_120' title='bbox 171 942 466 997; x_wconf 82' lang='lat' dir='ltr'>Agnoscendum</span> <span class='ocrx_word' id='word_1_121' title='bbox 486 950 543 983; x_wconf 91' lang='lat' dir='ltr'>est</span> <span class='ocrx_word' id='word_1_122' title='bbox 562 944 668 994; x_wconf 85' lang='lat' dir='ltr'>igitur</span> <span class='ocrx_word' id='word_1_123' title='bbox 685 941 747 982; x_wconf 73' lang='lat' dir='ltr'>hic</span> <span class='ocrx_word' id='word_1_124' title='bbox 771 941 1005 995; x_wconf 84' lang='lat' dir='ltr'>hyperbaton</span> <span class='ocrx_word' id='word_1_125' title='bbox 1021 971 1032 991; x_wconf 95' lang='lat'>‚</span> <span class='ocrx_word' id='word_1_126' title='bbox 1058 956 1131 995; x_wconf 91' lang='lat' dir='ltr'>quo</span> <span class='ocrx_word' id='word_1_127' title='bbox 1150 955 1216 994; x_wconf 90' lang='lat' dir='ltr'>per</span> <span class='ocrx_word' id='word_1_128' title='bbox 1234 938 1383 990; x_wconf 80' lang='lat' dir='ltr'>tongam</span> 
     </span>
     <span class='ocr_line' id='line_1_16' title="bbox 119 1004 1379 1062; baseline -0.005 -13"><span class='ocrx_word' id='word_1_129' title='bbox 119 1008 389 1062; x_wconf 67' lang='lat' dir='ltr'>parenthesim,</span> <span class='ocrx_word' id='word_1_130' title='bbox 407 1006 607 1060; x_wconf 74' lang='lat' dir='ltr'>Apostolus</span> <span class='ocrx_word' id='word_1_131' title='bbox 634 1012 668 1047; x_wconf 90' lang='lat' dir='ltr'>et</span> <span class='ocrx_word' id='word_1_132' title='bbox 701 1007 839 1059; x_wconf 86' lang='lat' dir='ltr'>peceati</span> <span class='ocrx_word' id='word_1_133' title='bbox 859 1005 1039 1057; x_wconf 85' lang='lat' dir='ltr'>originalis</span> <span class='ocrx_word' id='word_1_134' title='bbox 1066 1004 1379 1045; x_wconf 72' lang='lat' dir='ltr'>universalitatem</span> 
     </span>
     <span class='ocr_line' id='line_1_17' title="bbox 120 1066 1383 1120; baseline -0.005 -10"><span class='ocrx_word' id='word_1_135' title='bbox 120 1071 333 1120; x_wconf 87' lang='lat' dir='ltr'>confirmat,</span> <span class='ocrx_word' id='word_1_136' title='bbox 344 1076 381 1109; x_wconf 89' lang='lat' dir='ltr'>et</span> <span class='ocrx_word' id='word_1_137' title='bbox 393 1071 573 1108; x_wconf 80' lang='lat' dir='ltr'>institutae</span> <span class='ocrx_word' id='word_1_138' title='bbox 581 1068 862 1120; x_wconf 90' lang='lat' dir='ltr'>comparationis</span> <span class='ocrx_word' id='word_1_139' title='bbox 873 1066 1187 1106; x_wconf 83' lang='lat' dir='ltr'>dissimilitudines</span> <span class='ocrx_word' id='word_1_140' title='bbox 1199 1071 1383 1105; x_wconf 87' lang='lat' dir='ltr'>recenset.</span> 
     </span>
    </p>

    <p class='ocr_par' dir='ltr' id='par_1_4' title="bbox 122 1127 1383 1247">
     <span class='ocr_line' id='line_1_18' title="bbox 179 1127 1383 1182; baseline -0.005 -9"><span class='ocrx_word' id='word_1_141' title='bbox 179 1138 234 1174; x_wconf 83' lang='lat'>1.⁰</span> <span class='ocrx_word' id='word_1_142' title='bbox 255 1130 458 1173; x_wconf 80' lang='lat' dir='ltr'>Confirmat</span> <span class='ocrx_word' id='word_1_143' title='bbox 475 1144 606 1171; x_wconf 90' lang='lat' dir='ltr'>omnes</span> <span class='ocrx_word' id='word_1_144' title='bbox 619 1131 657 1170; x_wconf 91' lang='lat' dir='ltr'>in</span> <span class='ocrx_word' id='word_1_145' title='bbox 673 1127 822 1170; x_wconf 90' lang='lat' dir='ltr'>Adamo</span> <span class='ocrx_word' id='word_1_146' title='bbox 837 1130 1070 1182; x_wconf 79' lang='lat' dir='ltr'>peccavisse3</span> <span class='ocrx_word' id='word_1_147' title='bbox 1093 1143 1157 1169; x_wconf 88' lang='lat' dir='ltr'>seu</span> <span class='ocrx_word' id='word_1_148' title='bbox 1172 1128 1272 1181; x_wconf 87' lang='lat' dir='ltr'>quod</span> <span class='ocrx_word' id='word_1_149' title='bbox 1291 1127 1383 1167; x_wconf 88' lang='lat' dir='ltr'>dixit</span> 
     </span>
     <span class='ocr_line' id='line_1_19' title="bbox 122 1192 865 1247; baseline -0.008 -10"><span class='ocrx_word' id='word_1_150' title='bbox 122 1198 160 1237; x_wconf 87' lang='lat' dir='ltr'>in</span> <span class='ocrx_word' id='word_1_151' title='bbox 179 1192 226 1242; x_wconf 56' lang='lat' dir='ltr'>f.</span> <span class='ocrx_word' id='word_1_152' title='bbox 248 1210 309 1235; x_wconf 86' lang='lat'>12.</span> <span class='ocrx_word' id='word_1_153' title='bbox 327 1197 368 1233; x_wconf 82' lang='lat' dir='ltr'>in</span> <span class='ocrx_word' id='word_1_154' title='bbox 386 1207 598 1247; x_wconf 82' lang='lat' dir='ltr'>quo-omnes</span> <span class='ocrx_word' id='word_1_155' title='bbox 606 1197 865 1244; x_wconf 75' lang='lat' dir='ltr'>peccaverunt.</span> 
     </span>
    </p>

    <p class='ocr_par' dir='ltr' id='par_1_5' title="bbox 119 1252 1383 1438">
     <span class='ocr_line' id='line_1_20' title="bbox 177 1252 1383 1313; baseline -0.007 -11"><span class='ocrx_word' id='word_1_156' title='bbox 177 1254 224 1302; x_wconf 63' lang='grc' dir='ltr'>Ῠ.</span> <span class='ocrx_word' id='word_1_157' title='bbox 245 1259 306 1301; x_wconf 85' lang='lat'>13.</span> <span class='ocrx_word' id='word_1_158' title='bbox 341 1260 464 1313; x_wconf 85' lang='lat' dir='ltr'>Usque</span> <span class='ocrx_word' id='word_1_159' title='bbox 491 1259 545 1297; x_wconf 84' lang='lat' dir='ltr'>ad</span> <span class='ocrx_word' id='word_1_160' title='bbox 559 1256 675 1309; x_wconf 74' lang='lat' dir='ltr'>legem</span> <span class='ocrx_word' id='word_1_161' title='bbox 703 1258 806 1296; x_wconf 80' lang='lat' dir='ltr'>enim</span> <span class='ocrx_word' id='word_1_162' title='bbox 832 1262 1031 1308; x_wconf 84' lang='lat' dir='ltr'>peccalum</span> <span class='ocrx_word' id='word_1_163' title='bbox 1060 1262 1162 1302; x_wconf 81' lang='lat' dir='ltr'>erat,</span> <span class='ocrx_word' id='word_1_164' title='bbox 1181 1252 1218 1293; x_wconf 86' lang='lat' dir='ltr'>id</span> <span class='ocrx_word' id='word_1_165' title='bbox 1241 1260 1317 1303; x_wconf 87' lang='lat' dir='ltr'>est,</span> <span class='ocrx_word' id='word_1_166' title='bbox 1337 1254 1383 1294; x_wconf 85' lang='lat' dir='ltr'>ab</span> 
     </span>
     <span class='ocr_line' id='line_1_21' title="bbox 119 1314 1381 1372; baseline -0.006 -10"><span class='ocrx_word' id='word_1_167' title='bbox 119 1319 293 1370; x_wconf 85' lang='lat' dir='ltr'>Adamo‚</span> <span class='ocrx_word' id='word_1_168' title='bbox 322 1334 433 1372; x_wconf 82' lang='lat' dir='ltr'>usque</span> <span class='ocrx_word' id='word_1_169' title='bbox 460 1320 514 1358; x_wconf 83' lang='lat' dir='ltr'>ad</span> <span class='ocrx_word' id='word_1_170' title='bbox 529 1320 644 1369; x_wconf 73' lang='lat' dir='ltr'>legem</span> <span class='ocrx_word' id='word_1_171' title='bbox 672 1317 882 1364; x_wconf 76' lang='lat' dir='ltr'>exclusive,</span> <span class='ocrx_word' id='word_1_172' title='bbox 912 1330 977 1356; x_wconf 87' lang='lat' dir='ltr'>seu</span> <span class='ocrx_word' id='word_1_173' title='bbox 997 1322 1081 1356; x_wconf 89' lang='lat' dir='ltr'>ante</span> <span class='ocrx_word' id='word_1_174' title='bbox 1102 1315 1220 1367; x_wconf 82' lang='lat' dir='ltr'>legem</span> <span class='ocrx_word' id='word_1_175' title='bbox 1236 1314 1381 1365; x_wconf 81' lang='lat' dir='ltr'>datam,</span> 
     </span>
     <span class='ocr_line' id='line_1_22' title="bbox 120 1379 1217 1438; baseline -0.007 -13"><span class='ocrx_word' id='word_1_176' title='bbox 120 1392 318 1438; x_wconf 79' lang='lat' dir='ltr'>peccatum</span> <span class='ocrx_word' id='word_1_177' title='bbox 335 1391 408 1425; x_wconf 90' lang='lat' dir='ltr'>tam</span> <span class='ocrx_word' id='word_1_178' title='bbox 427 1382 621 1435; x_wconf 83' lang='lat' dir='ltr'>originale,</span> <span class='ocrx_word' id='word_1_179' title='bbox 643 1395 751 1434; x_wconf 90' lang='lat' dir='ltr'>quam</span> <span class='ocrx_word' id='word_1_180' title='bbox 767 1380 903 1421; x_wconf 86' lang='lat' dir='ltr'>actuale</span> <span class='ocrx_word' id='word_1_181' title='bbox 908 1379 993 1431; x_wconf 76' lang='lat' dir='ltr'>suit</span> <span class='ocrx_word' id='word_1_182' title='bbox 1010 1381 1049 1418; x_wconf 82' lang='lat' dir='ltr'>in</span> <span class='ocrx_word' id='word_1_183' title='bbox 1065 1379 1217 1418; x_wconf 81' lang='lat' dir='ltr'>mundo.</span> 
     </span>
    </p>

    <p class='ocr_par' dir='ltr' id='par_1_6' title="bbox 128 1443 1387 1630">
     <span class='ocr_line' id='line_1_23' title="bbox 182 1443 1384 1498; baseline -0.006 -7"><span class='ocrx_word' id='word_1_184' title='bbox 182 1451 387 1490; x_wconf 83' lang='lat' dir='ltr'>Peccatum</span> <span class='ocrx_word' id='word_1_185' title='bbox 418 1456 543 1488; x_wconf 84' lang='lat' dir='ltr'>autem</span> <span class='ocrx_word' id='word_1_186' title='bbox 570 1463 646 1487; x_wconf 82' lang='lat' dir='ltr'>non</span> <span class='ocrx_word' id='word_1_187' title='bbox 678 1447 950 1498; x_wconf 78' lang='lat' dir='ltr'>imputabatur.</span> <span class='ocrx_word' id='word_1_188' title='bbox 974 1443 1040 1486; x_wconf 91' lang='lat' dir='ltr'>Gr.</span> <span class='ocrx_word' id='word_1_189' title='bbox 1059 1459 1134 1484; x_wconf 87' lang='lat' dir='ltr'>non</span> <span class='ocrx_word' id='word_1_190' title='bbox 1166 1447 1384 1496; x_wconf 84' lang='lat' dir='ltr'>imputatur,</span> 
     </span>
     <span class='ocr_line' id='line_1_24' title="bbox 128 1509 1387 1566; baseline -0.006 -10"><span class='ocrx_word' id='word_1_191' title='bbox 128 1530 203 1556; x_wconf 89' lang='lat' dir='ltr'>non</span> <span class='ocrx_word' id='word_1_192' title='bbox 217 1517 400 1556; x_wconf 86' lang='lat' dir='ltr'>existente</span> <span class='ocrx_word' id='word_1_193' title='bbox 415 1513 510 1565; x_wconf 85' lang='lat' dir='ltr'>lege.</span> <span class='ocrx_word' id='word_1_194' title='bbox 528 1510 641 1553; x_wconf 88' lang='lat' dir='ltr'>Juxta</span> <span class='ocrx_word' id='word_1_195' title='bbox 659 1526 766 1566; x_wconf 89' lang='lat' dir='ltr'>quam</span> <span class='ocrx_word' id='word_1_196' title='bbox 782 1510 980 1551; x_wconf 84' lang='lat' dir='ltr'>lectionem</span> <span class='ocrx_word' id='word_1_197' title='bbox 997 1523 1125 1551; x_wconf 89' lang='lat' dir='ltr'>sensus</span> <span class='ocrx_word' id='word_1_198' title='bbox 1139 1515 1215 1550; x_wconf 90' lang='lat' dir='ltr'>est:</span> <span class='ocrx_word' id='word_1_199' title='bbox 1231 1509 1294 1549; x_wconf 92' lang='lat' dir='ltr'>ubi</span> <span class='ocrx_word' id='word_1_200' title='bbox 1310 1522 1387 1550; x_wconf 89' lang='lat' dir='ltr'>non</span> 
     </span>
     <span class='ocr_line' id='line_1_25' title="bbox 130 1576 902 1630; baseline -0.008 -11"><span class='ocrx_word' id='word_1_201' title='bbox 130 1585 184 1619; x_wconf 86' lang='lat' dir='ltr'>est</span> <span class='ocrx_word' id='word_1_202' title='bbox 206 1578 286 1626; x_wconf 85' lang='lat' dir='ltr'>lex,</span> <span class='ocrx_word' id='word_1_203' title='bbox 308 1579 359 1617; x_wconf 91' lang='lat' dir='ltr'>ibi</span> <span class='ocrx_word' id='word_1_204' title='bbox 385 1583 574 1630; x_wconf 85' lang='lat' dir='ltr'>peccatum</span> <span class='ocrx_word' id='word_1_205' title='bbox 594 1589 672 1615; x_wconf 90' lang='lat' dir='ltr'>non</span> <span class='ocrx_word' id='word_1_206' title='bbox 693 1576 902 1626; x_wconf 87' lang='lat' dir='ltr'>imputatur.</span> 
     </span>
    </p>

    <p class='ocr_par' dir='ltr' id='par_1_7' title="bbox 130 1634 1389 1947">
     <span class='ocr_line' id='line_1_26' title="bbox 183 1634 1387 1695; baseline -0.007 -14"><span class='ocrx_word' id='word_1_207' title='bbox 183 1638 259 1681; x_wconf 91' lang='lat' dir='ltr'>Sed</span> <span class='ocrx_word' id='word_1_208' title='bbox 278 1639 426 1695; x_wconf 84' lang='lat' dir='ltr'>Syriaca</span> <span class='ocrx_word' id='word_1_209' title='bbox 445 1653 542 1679; x_wconf 88' lang='lat' dir='ltr'>vers.</span> <span class='ocrx_word' id='word_1_210' title='bbox 562 1640 654 1678; x_wconf 82' lang='lat' dir='ltr'>sicul</span> <span class='ocrx_word' id='word_1_211' title='bbox 667 1644 704 1678; x_wconf 90' lang='lat' dir='ltr'>et</span> <span class='ocrx_word' id='word_1_212' title='bbox 722 1644 844 1677; x_wconf 85' lang='lat' dir='ltr'>nostra</span> <span class='ocrx_word' id='word_1_213' title='bbox 865 1635 1000 1683; x_wconf 87' lang='lat' dir='ltr'>habet,</span> <span class='ocrx_word' id='word_1_214' title='bbox 1018 1649 1092 1674; x_wconf 84' lang='lat' dir='ltr'>non</span> <span class='ocrx_word' id='word_1_215' title='bbox 1107 1634 1387 1685; x_wconf 77' lang='lat' dir='ltr'>imputabatur.-</span> 
     </span>
     <span class='ocr_line' id='line_1_27' title="bbox 130 1698 1388 1757; baseline -0.009 -11"><span class='ocrx_word' id='word_1_216' title='bbox 130 1702 300 1757; x_wconf 79' lang='lat' dir='ltr'>AEthiop.</span> <span class='ocrx_word' id='word_1_217' title='bbox 320 1710 356 1744; x_wconf 90' lang='lat' dir='ltr'>et</span> <span class='ocrx_word' id='word_1_218' title='bbox 378 1701 555 1750; x_wconf 84' lang='lat' dir='ltr'>Arabica,</span> <span class='ocrx_word' id='word_1_219' title='bbox 575 1715 651 1741; x_wconf 92' lang='lat' dir='ltr'>non</span> <span class='ocrx_word' id='word_1_220' title='bbox 675 1700 908 1752; x_wconf 86' lang='lat' dir='ltr'>reputabatur</span> <span class='ocrx_word' id='word_1_221' title='bbox 922 1728 932 1747; x_wconf 90' lang='lat'>,</span> <span class='ocrx_word' id='word_1_222' title='bbox 954 1698 990 1737; x_wconf 88' lang='lat' dir='ltr'>id</span> <span class='ocrx_word' id='word_1_223' title='bbox 1010 1703 1082 1746; x_wconf 90' lang='lat' dir='ltr'>est,</span> <span class='ocrx_word' id='word_1_224' title='bbox 1100 1699 1164 1736; x_wconf 84' lang='lat' dir='ltr'>vix</span> <span class='ocrx_word' id='word_1_225' title='bbox 1185 1698 1388 1748; x_wconf 86' lang='lat' dir='ltr'>reputaba-</span> 
     </span>
     <span class='ocr_line' id='line_1_28' title="bbox 130 1760 1389 1818; baseline -0.01 -8"><span class='ocrx_word' id='word_1_226' title='bbox 130 1777 199 1818; x_wconf 86' lang='lat' dir='ltr'>tur,</span> <span class='ocrx_word' id='word_1_227' title='bbox 219 1771 282 1809; x_wconf 87' lang='lat' dir='ltr'>vix</span> <span class='ocrx_word' id='word_1_228' title='bbox 300 1767 578 1808; x_wconf 83' lang='lat' dir='ltr'>existimabatur</span> <span class='ocrx_word' id='word_1_229' title='bbox 611 1766 656 1806; x_wconf 91' lang='lat' dir='ltr'>ab</span> <span class='ocrx_word' id='word_1_230' title='bbox 672 1763 886 1804; x_wconf 84' lang='lat' dir='ltr'>hominibus</span> <span class='ocrx_word' id='word_1_231' title='bbox 906 1760 1025 1806; x_wconf 81' lang='lat' dir='ltr'>solam</span> <span class='ocrx_word' id='word_1_232' title='bbox 1040 1766 1204 1799; x_wconf 86' lang='lat' dir='ltr'>naturam</span> <span class='ocrx_word' id='word_1_233' title='bbox 1230 1765 1268 1799; x_wconf 83' lang='lat' dir='ltr'>et</span> <span class='ocrx_word' id='word_1_234' title='bbox 1289 1772 1389 1798; x_wconf 90' lang='lat' dir='ltr'>con-</span> 
     </span>
     <span class='ocr_line' id='line_1_29' title="bbox 134 1820 1389 1885; baseline -0.009 -14"><span class='ocrx_word' id='word_1_235' title='bbox 134 1831 395 1885; x_wconf 87' lang='lat' dir='ltr'>cupiscentiam</span> <span class='ocrx_word' id='word_1_236' title='bbox 415 1828 653 1881; x_wconf 88' lang='lat' dir='ltr'>sequentibus</span> <span class='ocrx_word' id='word_1_237' title='bbox 673 1831 708 1865; x_wconf 86' lang='lat' dir='ltr'>ct</span> <span class='ocrx_word' id='word_1_238' title='bbox 728 1824 848 1876; x_wconf 85' lang='lat' dir='ltr'>legem</span> <span class='ocrx_word' id='word_1_239' title='bbox 868 1822 1033 1863; x_wconf 89' lang='lat' dir='ltr'>nondum</span> <span class='ocrx_word' id='word_1_240' title='bbox 1050 1820 1287 1870; x_wconf 83' lang='lat' dir='ltr'>habentibus,</span> <span class='ocrx_word' id='word_1_241' title='bbox 1307 1833 1389 1875; x_wconf 82' lang='lat' dir='ltr'>quae</span> 
     </span>
     <span class='ocr_line' id='line_1_30' title="bbox 133 1886 840 1947; baseline -0.013 -14"><span class='ocrx_word' id='word_1_242' title='bbox 133 1894 269 1947; x_wconf 79' lang='lat' dir='ltr'>peccati</span> <span class='ocrx_word' id='word_1_243' title='bbox 287 1886 492 1930; x_wconf 76' lang='lat' dir='ltr'>foeditatem</span> <span class='ocrx_word' id='word_1_244' title='bbox 509 1890 596 1942; x_wconf 86' lang='lat' dir='ltr'>ipsis</span> <span class='ocrx_word' id='word_1_245' title='bbox 615 1886 840 1928; x_wconf 86' lang='lat' dir='ltr'>ostenderet.</span> 
     </span>
    </p>

    <p class='ocr_par' dir='ltr' id='par_1_8' title="bbox 129 1947 1392 2138">
     <span class='ocr_line' id='line_1_31' title="bbox 192 1947 1390 2010; baseline -0.013 -11"><span class='ocrx_word' id='word_1_246' title='bbox 192 1957 263 1999; x_wconf 83' lang='lat' dir='ltr'>Vel</span> <span class='ocrx_word' id='word_1_247' title='bbox 282 1972 362 1998; x_wconf 83' lang='lat' dir='ltr'>cum</span> <span class='ocrx_word' id='word_1_248' title='bbox 382 1956 476 2010; x_wconf 80' lang='lat' dir='ltr'>aliis,</span> <span class='ocrx_word' id='word_1_249' title='bbox 497 1970 570 1994; x_wconf 82' lang='lat' dir='ltr'>non</span> <span class='ocrx_word' id='word_1_250' title='bbox 586 1954 845 2005; x_wconf 74' lang='lat' dir='ltr'>imputabatur</span> <span class='ocrx_word' id='word_1_251' title='bbox 858 1954 877 1991; x_wconf 79' lang='lat' dir='ltr'>a</span> <span class='ocrx_word' id='word_1_252' title='bbox 899 1948 984 1991; x_wconf 91' lang='lat' dir='ltr'>Deo</span> <span class='ocrx_word' id='word_1_253' title='bbox 999 1947 1045 1989; x_wconf 87' lang='lat' dir='ltr'>ad</span> <span class='ocrx_word' id='word_1_254' title='bbox 1064 1954 1199 1989; x_wconf 88' lang='lat' dir='ltr'>tantam</span> <span class='ocrx_word' id='word_1_255' title='bbox 1217 1957 1363 1999; x_wconf 85' lang='lat' dir='ltr'>poenam</span> <span class='ocrx_word' id='word_1_256' title='bbox 1378 1959 1390 1983; x_wconf 72' lang='grc' dir='ltr'><strong><em>ε</em></strong></span> 
     </span>
     <span class='ocr_line' id='line_1_32' title="bbox 134 2004 1392 2073; baseline -0.014 -12"><span class='ocrx_word' id='word_1_257' title='bbox 134 2022 181 2062; x_wconf 88' lang='lat' dir='ltr'>ita</span> <span class='ocrx_word' id='word_1_258' title='bbox 202 2016 408 2073; x_wconf 81' lang='lat' dir='ltr'>Gagnaeus;</span> <span class='ocrx_word' id='word_1_259' title='bbox 428 2031 492 2057; x_wconf 89' lang='lat' dir='ltr'>seu</span> <span class='ocrx_word' id='word_1_260' title='bbox 527 2030 600 2055; x_wconf 86' lang='lat' dir='ltr'>non</span> <span class='ocrx_word' id='word_1_261' title='bbox 620 2015 880 2067; x_wconf 79' lang='lat' dir='ltr'>imputabatur</span> <span class='ocrx_word' id='word_1_262' title='bbox 907 2018 981 2052; x_wconf 88' lang='lat' dir='ltr'>tam</span> <span class='ocrx_word' id='word_1_263' title='bbox 1007 2012 1181 2064; x_wconf 83' lang='lat' dir='ltr'>graviter,</span> <span class='ocrx_word' id='word_1_264' title='bbox 1216 2009 1300 2046; x_wconf 75' lang='lat' dir='ltr'>cum</span> <span class='ocrx_word' id='word_1_265' title='bbox 1329 2004 1392 2045; x_wconf 88' lang='lat' dir='ltr'>lex</span> 
     </span>
     <span class='ocr_line' id='line_1_33' title="bbox 129 2074 1097 2138; baseline -0.013 -13"><span class='ocrx_word' id='word_1_266' title='bbox 129 2087 264 2138; x_wconf 78' lang='lat' dir='ltr'>scripta</span> <span class='ocrx_word' id='word_1_267' title='bbox 283 2097 360 2124; x_wconf 83' lang='lat' dir='ltr'>non</span> <span class='ocrx_word' id='word_1_268' title='bbox 378 2088 495 2127; x_wconf 76' lang='lat' dir='ltr'>esset3</span> <span class='ocrx_word' id='word_1_269' title='bbox 517 2085 554 2119; x_wconf 94' lang='lat' dir='ltr'>ut</span> <span class='ocrx_word' id='word_1_270' title='bbox 574 2081 621 2119; x_wconf 89' lang='lat' dir='ltr'>ait</span> <span class='ocrx_word' id='word_1_271' title='bbox 644 2077 803 2132; x_wconf 85' lang='lat' dir='ltr'>Dionys.</span> <span class='ocrx_word' id='word_1_272' title='bbox 826 2074 1097 2116; x_wconf 73' lang='lat' dir='ltr'>Cartliusianus.</span> 
     </span>
    </p>

    <p class='ocr_par' dir='ltr' id='par_1_9' title="bbox 138 2131 1396 2321">
     <span class='ocr_line' id='line_1_34' title="bbox 194 2131 1395 2199; baseline -0.015 -11"><span class='ocrx_word' id='word_1_273' title='bbox 194 2147 236 2199; x_wconf 56' lang='grc' dir='ltr'>Υ</span> <span class='ocrx_word' id='word_1_274' title='bbox 260 2147 321 2197; x_wconf 70' lang='grc'>14.</span> <span class='ocrx_word' id='word_1_275' title='bbox 338 2146 413 2186; x_wconf 78' lang='lat' dir='ltr'>scd</span> <span class='ocrx_word' id='word_1_276' title='bbox 438 2144 602 2194; x_wconf 66' lang='lat' dir='ltr'>regnavit</span> <span class='ocrx_word' id='word_1_277' title='bbox 620 2156 718 2181; x_wconf 81' lang='lat' dir='ltr'>mors</span> <span class='ocrx_word' id='word_1_278' title='bbox 734 2142 783 2180; x_wconf 84' lang='lat' dir='ltr'>ab</span> <span class='ocrx_word' id='word_1_279' title='bbox 804 2139 943 2179; x_wconf 78' lang='lat' dir='ltr'>Adam.</span> <span class='ocrx_word' id='word_1_280' title='bbox 961 2134 1101 2176; x_wconf 86' lang='lat' dir='ltr'>Probat</span> <span class='ocrx_word' id='word_1_281' title='bbox 1130 2148 1176 2173; x_wconf 91' lang='lat' dir='ltr'>ex</span> <span class='ocrx_word' id='word_1_282' title='bbox 1205 2131 1340 2172; x_wconf 80' lang='lat' dir='ltr'>effectu</span> <span class='ocrx_word' id='word_1_283' title='bbox 1357 2135 1395 2171; x_wconf 78' lang='lat' dir='ltr'>et</span> 
     </span>
     <span class='ocr_line' id='line_1_35' title="bbox 139 2194 1396 2263; baseline -0.014 -14"><span class='ocrx_word' id='word_1_284' title='bbox 139 2207 253 2263; x_wconf 67' lang='lat' dir='ltr'>poend</span> <span class='ocrx_word' id='word_1_285' title='bbox 273 2208 432 2260; x_wconf 84' lang='lat' dir='ltr'>peccati,</span> <span class='ocrx_word' id='word_1_286' title='bbox 453 2211 570 2245; x_wconf 87' lang='lat' dir='ltr'>morte</span> <span class='ocrx_word' id='word_1_287' title='bbox 587 2203 747 2251; x_wconf 88' lang='lat' dir='ltr'>scilicet,</span> <span class='ocrx_word' id='word_1_288' title='bbox 774 2200 871 2254; x_wconf 70' lang='lat' dir='ltr'>quod</span> <span class='ocrx_word' id='word_1_289' title='bbox 886 2210 1019 2240; x_wconf 90' lang='lat' dir='ltr'>omnes</span> <span class='ocrx_word' id='word_1_290' title='bbox 1049 2199 1160 2237; x_wconf 83' lang='lat' dir='ltr'>etiam</span> <span class='ocrx_word' id='word_1_291' title='bbox 1175 2202 1260 2236; x_wconf 87' lang='lat' dir='ltr'>ante</span> <span class='ocrx_word' id='word_1_292' title='bbox 1274 2194 1396 2246; x_wconf 81' lang='lat' dir='ltr'>legem</span> 
     </span>
     <span class='ocr_line' id='line_1_36' title="bbox 138 2271 596 2321; baseline -0.015 -7"><span class='ocrx_word' id='word_1_293' title='bbox 138 2278 241 2314; x_wconf 86' lang='lat' dir='ltr'>erant</span> <span class='ocrx_word' id='word_1_294' title='bbox 259 2271 414 2312; x_wconf 84' lang='lat' dir='ltr'>obnoxii</span> <span class='ocrx_word' id='word_1_295' title='bbox 432 2275 596 2321; x_wconf 81' lang='lat' dir='ltr'>peccato.</span> 
     </span>
    </p>

    <p class='ocr_par' dir='ltr' id='par_1_10' title="bbox 164 2322 1397 2388">
     <span class='ocr_line' id='line_1_37' title="bbox 164 2322 1397 2388; baseline -0.012 -13"><span class='ocrx_word' id='word_1_296' title='bbox 164 2336 347 2388; x_wconf 69' lang='lat' dir='ltr'>Regnavit</span> <span class='ocrx_word' id='word_1_297' title='bbox 360 2348 481 2383; x_wconf 65' lang='lat' dir='ltr'>mot-S,</span> <span class='ocrx_word' id='word_1_298' title='bbox 500 2340 535 2373; x_wconf 88' lang='lat' dir='ltr'>et</span> <span class='ocrx_word' id='word_1_299' title='bbox 558 2346 604 2372; x_wconf 86' lang='lat' dir='ltr'>ne</span> <span class='ocrx_word' id='word_1_300' title='bbox 618 2329 717 2372; x_wconf 63' lang='lat' dir='ltr'>forte</span> <span class='ocrx_word' id='word_1_301' title='bbox 736 2329 895 2381; x_wconf 82' lang='lat' dir='ltr'>excipias</span> <span class='ocrx_word' id='word_1_302' title='bbox 910 2325 1069 2368; x_wconf 85' lang='lat' dir='ltr'>infantes</span> <span class='ocrx_word' id='word_1_303' title='bbox 1085 2328 1105 2366; x_wconf 74' lang='lat' dir='ltr'>a</span> <span class='ocrx_word' id='word_1_304' title='bbox 1119 2328 1288 2377; x_wconf 79' lang='lat' dir='ltr'>peccato,</span> <span class='ocrx_word' id='word_1_305' title='bbox 1307 2322 1397 2375; x_wconf 82' lang='lat' dir='ltr'>quia</span> 
     </span>
    </p>
   </div>
  </div>
 </body>
</html>
