1410 2554
71 3 151 57 342
429 15 636 46 nris-rom
665 15 722 46 m
740 14 947 46 nomuos

71 75 276 123 hibendus3
296 89 374 115 non
386 75 654 116 attendendum
663 74 710 115 ad
723 74 864 114 illorum
878 85 1052 126 personas
1066 77 1126 112 aut
1139 68 1328 119 desectus,

72 139 141 181 sed
158 139 204 179 ad
219 144 437 192 potestatem
447 153 556 192 quam
573 137 711 178 habent
729 139 750 177 ὲ
766 133 872 176 Deo.

132 200 188 254 Y.
207 201 246 242 3.
266 201 371 243 Nam
403 201 599 254 P1·1'nct'pes
626 215 702 240 non
724 206 812 239 sunt
838 198 969 238 tt‘mori
987 197 1079 237 boni
1098 195 1231 249 operis.
1263 191 1332 235 Gr.

75 277 150 304 non
165 269 249 303 sunt
268 277 383 316 pavor
399 264 584 304 bonorum
599 276 771 316 operum,
792 260 859 302 sed
879 260 1070 300 malorum.

132 323 248 379 Supra
270 323 325 377 JV.
364 342 398 366 1.
423 326 470 366 ab
501 329 646 380 origine
668 325 856 377 potestatis
873 324 1028 375 sumpsit
1047 323 1300 373 argumentum
1318 347 1329 367 ‚

75 401 151 441 quo
166 389 336 440 probaret
349 388 572 430 obedientiae
585 387 776 434 debitum
797 386 859 427 hic
877 389 898 426 a
916 386 992 425 fine
1008 387 1183 425 institutae
1203 387 1335 435 potes-

74 455 181 504 tatis,
218 453 367 494 alterum
402 453 512 492 sumit
545 450 783 503 subjectionis
809 453 1061 502 argumentum
1075 476 1085 492 ,
1109 445 1279 485 nimirum
1296 442 1336 482 in

75 513 242 555 favorem
258 515 442 554 bonorum
463 517 624 556 instituta
646 520 702 554 est
722 518 896 567 potesta5‚
916 509 1054 550 seilicet
1072 514 1124 556 ut,
1145 505 1336 559 improbi-

77 584 152 618 tate
166 577 322 618 coercita
339 609 350 629 ‚
369 580 478 617 tutius
496 580 622 618 vivant
640 579 742 619 boni.
760 578 792 615 V
796 577 827 615 is
837 582 962 614 autem
981 586 1054 611 non
1070 572 1238 610 timere...
1250 565 1338 621 Syr.

76 642 137 682 vis
154 642 261 692 igitur
276 669 289 688 ‚
308 646 380 680 etc.
401 639 500 692 quod
519 641 660 680 bonum
679 645 734 680 est
752 653 818 691 age
835 655 844 684 ;
870 650 947 676 non
969 633 1082 675 modo
1101 643 1238 684 poenas
1259 641 1338 669 non

76 704 250 752 timebis,
276 704 351 742 imo
373 701 519 743 laudem
549 709 586 743 et
610 704 801 755 praemium
829 701 876 740 ab
904 698 960 739 ina
994 700 1174 750 potestate
1203 705 1339 733 conse-

79 769 214 821 queris.
950 807 958 814 ,

135 821 182 869 f.
199 827 238 877 4.
261 828 338 868 Dei
349 830 447 868 em'm
464 828 643 869 Minister
658 834 712 868 est
732 827 803 867 tibi
819 825 858 864 ίη
875 825 1011 863 bonum
1027 850 1040 872 ‚
1064 820 1102 861 id
1123 826 1202 870 est,
1226 818 1339 863 Prin-

81 904 170 944 ceps
198 893 299 930 enim
331 888 404 932 Dei
438 889 609 933 Minister
640 898 723 942 est,
753 887 914 940 Deoque
935 885 1119 926 subservit
1143 884 1182 924 in
1200 883 1340 924 bonum

81 961 184 995 tuum
198 983 209 1001 ‚
226 959 265 993 ut
285 957 401 1006 possis
418 953 606 1007 tranquille
624 960 664 996 et
677 953 800 1006 quiete
817 953 958 991 vivere.

137 1017 185 1055 Si
198 1022 324 1055 aulem
343 1017 486 1056 malum
497 1015 662 1068 feceris,
684 1020 799 1063 time,
820 1013 858 1053 id
875 1018 950 1062 est,
973 1016 1027 1052 est
1049 1007 1148 1064 quod
1167 1009 1312 1048 timeas.

140 1079 233 1119 Non
260 1081 363 1119 enim
395 1081 477 1120 sine
495 1096 612 1121 causa
625 1109 639 1129 ,
671 1080 710 1121 id
729 1084 806 1127 est,
821 1092 893 1118 nec
911 1078 1013 1118 enim
1028 1073 1158 1114 frustra
1185 1070 1344 1124 gladium

84 1146 234 1194 portat,
257 1140 324 1180 sed
341 1147 379 1181 ut
396 1144 532 1183 eumin
547 1141 799 1185 malefactores
818 1142 981 1193 stringat.

142 1204 219 1243 Dei
244 1204 344 1243 em'm
361 1204 543 1244 Minister
560 1212 661 1246 est...
677 1201 762 1258 Syr.
780 1202 962 1256 siquidem
983 1198 1155 1242 Minister
1174 1192 1249 1236 Dei
1265 1202 1343 1245 est;

84 1266 180 1306 ultor
200 1266 281 1315 irae,
299 1267 344 1305 iis
364 1267 425 1318 qui
446 1266 539 1306 male
567 1271 683 1319 agunt
698 1281 708 1313 3
723 1264 762 1304 id
785 1271 862 1313 est,
885 1263 1069 1319 siquidem
1088 1260 1160 1303 Dei
1174 1260 1345 1304 Minister

85 1335 163 1380 est,
183 1332 332 1381 ejusque
350 1330 451 1368 vices
466 1342 599 1382 gerens
610 1357 622 1379 ‚
636 1329 682 1369 ad
701 1328 916 1383 supplicium
933 1327 981 1368 de
993 1325 1176 1367 sceleratis
1190 1334 1345 1365 sumen-

86 1392 190 1434 dum.

143 1452 222 1495 Sub
241 1455 393 1494 nomine
408 1452 517 1507 gladii
535 1452 899 1508 comprehenduntur
913 1454 1036 1494 omnia
1049 1466 1184 1505 genera
1201 1451 1348 1506 suppli·-

90 1530 244 1557 ciorum.

145 1578 362 1620 Meminerit
379 1574 560 1633 Princeps
577 1610 590 1631 ,
604 1582 796 1635 omnisque
813 1585 974 1632 potestas
985 1607 996 1626 ,
1014 1591 1055 1618 se
1070 1575 1145 1619 Dei
1161 1576 1350 1620 Vicarium

90 1650 126 1684 et
138 1640 350 1683 Ministrum
368 1658 376 1679 z
396 1649 433 1683 et
456 1648 727 1695 consequenter
745 1641 844 1695 quod
869 1640 1072 1682 secundum
1091 1637 1164 1680 Dei
1180 1640 1351 1690 spiritum

91 1712 129 1747 et
148 1703 374 1744 voluntatem
392 1703 506 1745 debet
528 1707 565 1745 in
586 1705 757 1745 omnibus
783 1716 891 1756 agere
906 1703 1109 1756 sapienter,
1129 1702 1222 1753 juste
1235 1729 1246 1751 ‚
1267 1714 1351 1743 cum

95 1783 223 1813 amore
235 1767 402 1808 subditos
424 1781 566 1819 regere.

151 1830 367 1873 Meminerit
399 1830 527 1871 eadem
559 1837 737 1885 potestas,
770 1843 810 1871 se
847 1831 885 1869 in
924 1823 1066 1868 bonum
1083 1841 1164 1869 esse
1186 1824 1262 1869 Dei
1279 1824 1355 1868 Mi-

94 1898 251 1938 nistrum
265 1924 276 1943 ,
295 1900 331 1934 et
352 1900 623 1947 consequenter
648 1908 689 1934 se
714 1899 845 1933 contra
863 1890 998 1931 maium
1014 1922 1026 1940 ,
1043 1905 1118 1931 non
1138 1898 1265 1932 contra
1282 1891 1355 1932 bo·

95 1974 211 2009 num,
244 1963 461 2011 potestatem
491 1956 656 2004 habere;
687 1970 749 2006 se,
777 1962 816 1996 ut
839 1967 966 2008 aequos
993 1950 1166 2003 judiees,
1183 1954 1354 1994 virtutem

95 2023 298 2076 praemiari,
315 2022 401 2061 vitia
420 2021 547 2072 punire
562 2018 713 2059 debere.

154 2082 366 2127 Meminerit
387 2083 536 2124 inferior
553 2096 593 2122 se
609 2079 694 2122 Deo
709 2082 747 2120 in
765 2093 831 2120 suo
850 2076 1021 2119 Ministro
1041 2091 1187 2132 parere;
1209 2084 1247 2118 et
1265 2090 1357 2117 con·

99 2154 298 2202 sequenter
316 2146 564 2187 obedientiam
584 2139 794 2183 Christiano
813 2171 822 2192 ‚
844 2136 926 2182 Dei
942 2140 1034 2188 silio,
1051 2152 1126 2179 non
1144 2137 1331 2192 indignam
1344 2166 1355 2187 ‚

100 2211 178 2249 imo
194 2209 578 2249 convenientissimam
594 2220 690 2247 esse.

157 2265 383 2312 Meminerit
410 2270 509 2311 idem
528 2267 677 2310 inferior
691 2298 701 2318 ‚
733 2268 834 2323 quod
851 2269 882 2309 si
899 2267 919 2307 a
940 2271 1119 2319 potestate
1134 2277 1212 2307 non
1229 2277 1359 2306 remu-
