1410 2554
105 40 190 93 410
464 51 670 83 EPISTOLAE
699 51 757 80 An
787 49 988 82 nommos

106 115 131 156 ὲ
144 124 262 167 nepas,
280 125 394 153 cornu
406 141 418 162 ,
433 119 470 153 et
484 113 530 153 ab
550 125 578 149 α.
597 114 764 165 privante
780 125 792 150 ι
812 103 913 164 qnasi
929 112 1009 152 sine
1025 124 1162 160 cornu;
1179 114 1371 167 excomiS,

111 189 191 218 non
206 174 332 215 valens
349 187 485 214 nocere
498 204 509 220 ,
531 172 702 227 placidus,
718 174 916 214 innocens.

166 237 222 290 fi.
243 253 307 279 20.
330 239 428 278 Deus
443 245 569 277 autem
586 239 695 290 pacis
712 243 881 276 conterat
895 236 1126 278 Salonam...
1141 240 1321 291 promittit
1337 245 1381 280 ek

110 305 212 354 optat
243 299 410 340 divinum
431 299 606 340 auxilium
624 305 749 339 contra
771 297 861 338 tales
883 297 1100 352 deceptores
1113 328 1125 350 ‚
1147 301 1209 352 qui
1228 297 1377 342 Satanae

116 367 204 402 sunt
222 374 368 412 organa.

166 425 308 464 Deus...
324 425 432 477 pacis
445 429 584 464 amator
599 425 712 477 etqui
729 422 979 463 dissensiones
992 424 1078 463 istas
1099 423 1193 474 odit,
1209 431 1384 464 conterat

110 490 186 528 cito
199 486 405 537 diabolum,
429 488 490 539 qui
515 499 578 538 per
593 488 682 526 istos
701 485 1027 540 pseudoapostolos
1039 477 1108 526 vos
1127 487 1328 527 conturbat
1340 491 1381 528 et

110 552 283 606 decipere
301 558 463 599 conatur,
483 556 670 598 conterat,
685 551 832 602 inquam
843 579 854 599 ‚
873 550 948 588 cito
963 549 1030 588 sub
1044 549 1201 600 pedibus
1219 551 1378 600 vestris,

110 622 152 656 ut
169 629 254 655 eum
268 613 485 654 conculcetis
499 642 511 662 ‚
533 618 570 652 et
588 613 844 652 obmutescere
863 609 1014 651 faciatis.

140 729 141 732 Ἰ
167 676 310 721 Alludit
323 677 369 717 ad
386 678 501 717 verba
514 673 587 715 Dei
604 673 744 716 Genes.
761 675 800 715 3.
819 674 882 715 15.
897 675 981 726 ipsa
995 681 1158 713 conteret
1171 682 1327 728 caput...

173 744 312 784 Gratia
330 741 492 781 Domini
513 740 631 778 nostri
646 739 738 779 ,lesu
765 735 907 776 Christi
937 737 1150 785 vobiscum,
1171 737 1210 777 id
1233 744 1314 787 est,
1332 736 1386 778 ad

113 809 191 852 hoc
204 839 215 859 ,
246 822 310 848 seu
328 806 375 847 ad
396 804 568 846 satanam
591 803 882 850 conterendum;
900 803 1025 854 gratia
1042 809 1080 843 et
1101 802 1276 843 auxilium
1299 803 1384 843 Do-

114 873 216 912 mini
228 870 352 910 nostri
365 869 461 909 Jesu
480 865 624 907 Christi
632 868 681 905 sit
699 867 907 907 vobiscum.

169 929 225 983 ss.
251 948 271 972 2
283 946 317 971 r.
334 931 488 970 Salutat
501 943 567 969 vos
584 929 800 968 Timotheus
811 927 975 980 adjutor.
989 924 1058 967 Gr.
1077 926 1184 966 simul
1205 917 1385 980 operans,

114 1010 182 1036 seu
198 995 430 1046 cooperarius
444 1006 547 1032 meus
560 1021 571 1041 ‚
593 994 631 1030 in
653 987 857 1042 Evangelio
879 990 1028 1030 scilicet.
1046 990 1098 1029 Et
1112 990 1276 1037 Lucius‚·
1302 1005 1380 1042 pu-

116 1065 212 1099 tatur
230 1070 311 1097 esse
330 1053 381 1096 D.
405 1053 524 1094 Lucas
538 1083 549 1103 ‚
573 1055 634 1106 qui
654 1067 737 1092 eum
756 1051 806 1092 D.
822 1050 934 1092 Paulo
949 1058 1024 1091 erat
1043 1067 1051 1091 z
1067 1059 1103 1090 et
1118 1052 1238 1091 Jason
1252 1060 1289 1092 et
1304 1054 1386 1092 So-

117 1122 272 1174 sipater,
302 1119 454 1169 cognati
467 1118 563 1155 mei.-
585 1116 668 1168 quia
690 1111 838 1167 Judaei,
865 1114 964 1155 velut
983 1117 1090 1168 supra
1109 1114 1247 1154 dictum
1263 1122 1320 1156 est
1337 1115 1391 1156 de.

114 1184 192 1224 aliis
208 1178 254 1224 Ῠ.
274 1195 311 1234 7.
327 1187 365 1221 et
380 1172 427 1222 fi.
444 1194 506 1219 11.

170 1239 216 1286 fi.
246 1258 310 1284 22.
329 1243 460 1282 Saluto
489 1255 556 1280 vos
576 1254 640 1291 ego
667 1240 814 1279 Tertius
839 1253 853 1278 .·
871 1253 1011 1280 nomen
1042 1245 1096 1279 est
1125 1241 1387 1291 amanuensis.

118 1309 181 1364 qui
197 1307 455 1360 ‚permittente
476 1301 615 1353 Paulo,
634 1317 736 1342 suam
752 1301 890 1341 addidit
902 1302 1167 1342 salutationem.

174 1371 256 1424 Qui
268 1370 406 1422 scripsi
420 1368 616 1420 epistolam
632 1395 646 1414 ‚
670 1364 784 1406 Paulo
799 1367 972 1405 nimirum
991 1365 1164 1406 dictante.

171 1434 223 1474 In
243 1433 424 1479 Domino,
444 1430 482 1470 id
499 1436 575 1479 est,
595 1430 718 1469 saluto
741 1441 810 1469 vos
826 1431 866 1467 in
883 1429 1056 1468 Domino.

172 1492 221 1540 Ῠ.
241 1497 306 1538 23.
322 1496 555 1535 salutatvos
571 1491 687 1532 Caius
699 1523 711 1544 ,
726 1493 901 1545 hospes...
918 1491 956 1531 id
970 1499 1045 1541 est,
1063 1490 1160 1545 apud
1174 1504 1284 1544 quern
1300 1488 1393 1531 hos-

126 1563 240 1615 pitor,
266 1559 313 1599 de
329 1573 402 1612 quo
421 1560 530 1598 etiam
545 1555 577 1596 I.
595 1554 680 1596 Cor.
699 1571 732 1596 c.
758 1570 791 1595 ι.
810 1547 856 1595 fi.
874 1554 935 1604 14.
950 1561 986 1593 et
1005 1555 1172 1593 uniuersa
1192 1553 1363 1592 Ecclesia
1376 1581 1392 1603 ,

124 1636 210 1677 quae
225 1622 364 1662 scilicet
380 1623 417 1661 in
441 1617 519 1660 Caii
536 1618 680 1658 aedibus
698 1617 963 1670 hospitabatur.
980 1614 1046 1657 Gr.
1064 1619 1249 1657 universae
1259 1613 1394 1656 Eccle-

123 1689 210 1727 siae:
227 1697 431 1738 sensusque
460 1690 516 1724 est
537 1697 614 1723 non
648 1685 790 1723 tantum
816 1695 944 1732 meus,
973 1680 1042 1721 sed
1060 1687 1097 1721 et
1120 1682 1288 1720 omnium
1311 1678 1395 1720 sta·-

125 1758 222 1792 trum
244 1749 396 1802 hospes.

181 1812 306 1869 Aliqui
333 1812 460 1852 volunt
485 1810 584 1851 hunc
618 1822 698 1850 esse
723 1804 881 1858 Caium,
905 1821 1015 1860 quem
1045 1803 1099 1847 D.
1118 1803 1229 1846 Joan.
1259 1806 1298 1845 in
1329 1818 1395 1846 sua

125 1875 280 1932 epistola
299 1875 401 1914 tertia
413 1872 533 1912 laudat
554 1874 599 1912 ab
619 1870 876 1925 hospitalitate.
897 1867 973 1910 Alii
990 1869 1176 1917 dubitant,
1197 1875 1236 1908 ut
1252 1865 1396 1908 Estius.

108 1955 114 1960 ’
177 1939 411 1979 salutatvos
427 1936 602 1982 Erastus,
629 1935 851 1974 Arcart'us...
864 1930 933 1972 Gr.
947 1929 1181 1972 Procurator.
1194 1928 1278 1984 Syr.
1297 1942 1394 1970 oeco·

125 2017 259 2045 nomus
276 2032 286 2052 ‚
309 2001 346 2041 id
361 2007 436 2050 est,
453 1998 646 2053 praefectus
666 2005 702 2038 et
718 1998 947 2051 dispensator
964 2009 1080 2046 arcae,
1097 2009 1161 2036 seu
1185 1995 1299 2035 aerarii
1313 2005 1394 2046 pu·-

126 2066 211 2107 blici
232 2062 391 2103 ciuitatis
406 2091 416 2109 ‚
440 2060 477 2100 id
495 2067 571 2109 est,
598 2055 787 2099 Corinthi.

182 2131 233 2171 Et
260 2128 440 2182 Quartus.
469 2124 621 2167 Nomen
641 2126 825 2178 proprium
839 2121 1010 2175 ‚frater-.-
1027 2117 1153 2173 cujus?
1168 2134 1215 2160 an
1245 2117 1394 2161 Tertii?

127 2206 176 2233 an
195 2188 343 2233 Erasti?
374 2202 420 2229 an
445 2183 541 2228 Divi
568 2184 702 2226 Pauli?
731 2183 898 2225 Primum
922 2182 1064 2223 videtur
1086 2178 1192 2221 Estio
1210 2179 1397 2219 verisimi-

126 2256 209 2296 lius.
231 2249 348 2296 Juxta
366 2250 416 2293 D.
437 2249 626 2292 'rhomam
643 2247 777 2302 frater
794 2249 893 2290 idem
923 2253 978 2289 est
1005 2259 1046 2287 ac
1078 2240 1310 2287 Christianus
1327 2255 1398 2285 seu

127 2317 261 2361 fidelis.
