1410 2554
1166 2 1186 21 N

374 89 550 121 'rmum
566 89 795 120 Exposmo.
813 79 907 132 Cap.
930 80 1004 122 IX.
1227 81 1310 124 233

48 152 255 207 mogenitus
280 146 380 192 Isaac
393 180 406 201 ‚
430 163 508 201 non
526 150 573 190 sit.
594 151 846 204 promissionis
864 150 978 199 filius,
1002 150 1039 191 id
1055 158 1111 192 est
1130 180 1141 199 ‚
1163 164 1242 192 non
1256 154 1304 192 sit

47 215 168 257 haeres
187 215 472 268 promissionum
496 212 668 254 factarum
684 210 847 255 Abrahae
873 221 910 256 et
930 212 1052 262 Isaac,
1076 212 1220 257 Genes.
1236 226 1306 257 22.

50 273 103 318 16
116 282 152 316 et
173 273 238 316 26.
258 272 284 314 3
300 280 337 314 et
359 271 426 314 28.
454 271 512 314 ¹3.

110 335 224 378 Unde
243 335 484 388 colligendum
498 335 688 387 relinquit,
702 335 799 388 quod
810 333 1024 376 licetJudaei
1034 338 1105 376 sint
1117 350 1166 377 ex
1176 334 1298 387 Isaac,

47 413 126 442 non
152 398 238 439 ideo
255 389 508 450 promissionis
527 395 595 443 *tilii
613 410 623 443 ;
646 398 729 450 quia
749 395 852 437 Deus
880 397 957 437 illos
981 400 1132 449 rejicere
1152 405 1298 451 potest,

45 463 140 503 sicut
169 461 295 511 reiecit
320 456 438 508 Esau,
457 460 740 511 primogenitum
767 457 891 508 Isaac;
916 460 983 500 sed
1008 463 1086 501 veri
1104 461 1168 501 filii
1188 468 1272 502 sunt
1287 489 1301 509 ,

47 538 140 580 quos
169 521 271 565 Deus
300 525 379 575 ipse
400 535 464 576 per
491 536 593 563 suam
619 522 905 563 misericordiam
934 531 1043 564 vocat
1065 531 1103 566 et
1126 525 1226 578 eligit
1255 525 1304 566 ad

47 585 387 634 Christianismum,
412 586 616 625 institutum
637 584 837 625 secundum
856 583 932 626 Dei
952 588 1193 638 propositum.

102 649 217 693 Unde
246 656 282 690 et
306 652 408 689 recte
438 647 663 688 concluditur
679 647 779 701 quod
793 650 943 689 asseruit
961 655 997 688 et
1016 649 1148 702 probat
1169 645 1302 701 Apos-

58 713 168 757 tolus:
182 712 271 754 Non
279 726 407 751 omnes
418 710 483 763 qui
491 725 540 750 ex
556 711 679 750 lsrael
683 717 788 751 sunt.
798 736 807 748 ·
820 741 830 751 .
850 708 894 758 ᾖ.
909 709 948 752 6.
967 725 1082 764 neque
1098 712 1163 765 qui
1175 726 1301 752 semen

46 786 135 819 sum
155 777 322 818 Abmhae
337 807 348 827 ‚
368 775 502 827 hifilit
521 804 532 816 .
550 805 560 815 .
579 805 589 816 .
608 771 661 824 Υ.
680 788 718 828 7.

101 837 177 881 Sed
196 838 234 879 hi
252 845 336 879 sunt
355 839 435 878 veri
458 834 621 878 Abrahae
636 836 696 876 filii
711 866 724 887 ‚
741 839 802 890 qui
820 843 858 877 ut
879 835 980 877 Isaac
996 844 1080 878 sunt
1097 851 1145 878 ex
1168 838 1303 878 virtute

46 903 318 959 supernaturali,
337 901 457 956 quales
469 903 530 953 qui
548 900 659 952 gratia
672 898 747 940 Dei
763 909 1022 953 regenerantur
1033 903 1069 941 in
1083 899 1297 954 Baptismo;

47 973 85 1007 et
103 967 163 1019 qui
176 972 213 1006 ut
230 963 349 1005 Jacob
365 964 542 1015 eliguntur
555 993 566 1014 ,
581 977 659 1003 non
677 978 725 1005 ex
745 978 871 1004 eorum
886 967 1038 1012 merito,
1054 962 1123 1003 sed
1135 976 1184 1002 ex
1202 976 1306 1003 mera

45 1026 121 1070 Dei
141 1029 318 1069 bonitate.

104 1089 219 1142 Quod
235 1090 317 1130 hoec
332 1091 377 1129 sit
400 1089 536 1128 directa
552 1102 658 1128 mens
671 1085 860 1141 Apostoli,
884 1091 1021 1142 patebit
1034 1090 1135 1128 omni
1154 1089 1304 1130 cordato

46 1157 189 1192 textum
206 1153 287 1191 sine
306 1151 622 1203 praeoccupatione
637 1149 785 1200 legenti.

101 1209 175 1251 His
192 1212 395 1263 praenotatis
407 1240 417 1259 ,
436 1209 549 1248 clarus
567 1213 632 1250 erit
654 1209 785 1248 horum
803 1223 976 1249 versuum
996 1223 1141 1250 sensus.

100 1271 193 1313 Non
213 1274 330 1312 solum
348 1273 455 1312 illa...
473 1271 510 1312 id
530 1278 605 1319 est,
622 1286 699 1312 non
720 1272 836 1312 solum
854 1270 942 1312 Sara
954 1302 964 1320 ‚
979 1286 1042 1312 seu
1060 1270 1157 1312 Sarae
1176 1271 1304 1312 histo·

46 1336 98 1375 ria
117 1348 184 1374 nos
202 1334 240 1374 id
259 1334 358 1386 quod
376 1333 558 1382 diximus,
590 1334 742 1380 edocet3
768 1330 904 1374 scilicet
917 1365 927 1383 ‚
949 1336 1042 1375 lilios
1062 1339 1080 1374 a
1103 1332 1185 1374 Deo
1204 1349 1307 1375 cen-

45 1399 116 1438 seri
129 1406 244 1449 ,non
265 1397 451 1438 carnaliter
468 1399 634 1448 genitos,
652 1397 718 1438 sed
744 1411 808 1438 eos
821 1426 831 1446 ‚
861 1398 919 1438 vel
939 1401 999 1451 qui
1019 1400 1303 1450 promittuntur,

47 1459 107 1501 vel
120 1462 180 1514 qui
201 1460 380 1512 eliguntur
397 1462 418 1499 ὲ
441 1455 548 1500 Deo.

102 1524 177 1562 Sed
198 1530 236 1561 et
257 1524 445 1571 Rebecca,
469 1523 506 1562 id
523 1529 600 1570 est,
622 1523 687 1562 sed
708 1530 743 1564 et
760 1523 798 1562 id
813 1524 921 1563 etiam
939 1537 1006 1563 nos
1022 1523 1129 1563 docet
1152 1523 1303 1564 historia

46 1583 234 1626 Rebeccae
245 1613 258 1634 ‚
276 1598 359 1638 quae
376 1584 551 1636 gemellos
567 1598 615 1625 ex
630 1583 731 1624 lsaac
747 1592 847 1638 patre
862 1593 988 1625 nostro
1007 1587 1191 1637 concepit;
1206 1600 1302 1639 quo·

45 1665 126 1691 rum
144 1651 263 1700 junior
281 1647 400 1690 Jacob
427 1649 563 1688 electus
585 1648 650 1689 suit
668 1652 689 1689 ὲι
706 1646 818 1697 Deo.
841 1657 876 1690 et
898 1650 1062 1702 praelatus
1090 1647 1187 1690 Esau
1203 1649 1303 1690 fratri

21 1763 26 1769 ‘
43 1728 111 1756 suo
125 1709 285 1761 seniori,
305 1713 491 1765 factusque
516 1727 703 1754 successor
719 1721 754 1754 et
776 1714 890 1755 haeres
906 1713 1004 1755 Isaac
1025 1716 1133 1767 patris
1146 1715 1216 1754 sui.

99 1774 154 1826 ss.
181 1789 196 1814 ι
209 1790 242 1816 ι.
262 1774 354 1813 Cum
369 1776 468 1813 enim
485 1775 649 1814 nondum
667 1780 752 1815 nali
762 1775 961 1823 fin‘sscnt...
973 1779 1109 1828 quippe
1126 1779 1210 1816 cum
1229 1776 1302 1816 ad-

41 1837 114 1879 huc
136 1842 172 1879 in
194 1845 297 1879 utero
320 1840 444 1878 matris
465 1846 587 1879 essent
603 1840 744 1881 inclusi.
762 1840 867 1890 (Hic
886 1843 984 1892 jungi
1004 1848 1122 1893 potest
1143 1840 1242 1893 quod
1259 1842 1300 1880 in

42 1899 90 1948 fi.
112 1901 174 1942 13.
193 1901 336 1951 dicitur,
349 1901 465 1942 silicet
482 1916 489 1940 :
506 1904 593 1953 quia
611 1903 750 1954 major,
767 1912 808 1942 ul
818 1904 1023 1943 secundum
1040 1905 1311 1942 electionem...

42 1972 81 2005 et
106 1964 178 2005 hoc
215 1966 299 2006 ideo
320 1973 404 2005 tunc
431 1965 566 2006 dictum
588 1973 667 2014 est,
688 1974 725 2006 ut
758 1966 829 2007 hoe
857 1974 1071 2020 argumento
1101 1972 1241 2019 pateret
1263 1971 1309 2005 et

43 2029 257 2081 probaretur
279 2029 423 2069 firmum
443 2036 478 2068 et
493 2030 621 2070 stabile
635 2028 708 2070 Dei
733 2034 956 2084 propositum
971 2061 981 2078 ‚
1011 2045 1076 2070 scu
1094 2031 1208 2071 libera
1227 2027 1302 2069 Dei

46 2089 233 2138 voluntas,
271 2090 343 2143 qua
379 2092 424 2130 ab
444 2099 582 2132 aeterno
602 2092 815 2147 decreverat
846 2091 1027 2133 Jacobum
1058 2100 1093 2133 et
1130 2099 1313 2146 posteros.

46 2149 124 2199 ejus
137 2150 303 2201 praeferre
320 2158 355 2192 et
375 2151 556 2192 honorare
578 2166 652 2206 prae
671 2150 770 2193 Esau
787 2159 823 2193 et
839 2156 991 2206 posteris
1009 2152 1132 2204 ejus.)

101 2214 146 2264 ᾖ.
167 2231 228 2257 ra.>
249 2219 338 2258 Non
353 2234 401 2258 ea:
415 2221 624 2271 operIbus...
639 2220 676 2260 id
693 2227 772 2268 est,
789 2235 864 2261 non
878 2222 926 2260 ob
945 2223 1071 2260 merita
1089 2234 1154 2260 seu
1175 2234 1304 2273 opera,

45 2279 112 2319 sed
133 2294 179 2321 ex
196 2283 347 2332 gratuita
361 2280 431 2323 Dei
452 2282 632 2324 electione
654 2291 690 2325 ct
707 2288 920 2335 vocatione,
945 2283 1087 2324 dictum
1105 2292 1160 2325 est
1175 2288 1196 2324 ὲ
1215 2283 1305 2325 Deo

44 2356 110 2395 per
125 2340 310 2396 Angelum
329 2343 518 2388 Rebeccae
534 2363 543 2388 :

17 2410 19 2413 ·
210 2415 225 2439 1
1090 2421 1154 2447 10.
