1410 2554
289 56 474 87 mnu
501 53 736 86 musmo,
762 41 859 96 cap.
885 41 1000 84 XVI.
1206 39 1290 93 408

25 119 210 166 manavit;
229 123 267 158 et
290 118 340 158 ob
358 117 455 158 hanc
471 123 633 158 vestram
654 114 790 166 fidem,
814 128 885 173 ego
905 114 955 156 de
978 113 1091 156 vobis
1109 112 1254 166 gaudeo
1275 128 1294 154 ·.

25 183 95 226 sed
108 196 159 225 ne
174 183 258 225 haec
272 189 408 225 vestrae
423 181 512 224 fidei
527 183 663 237 puritas
677 182 891 223 obscuretur
905 209 916 230 ‚
934 178 1021 222 volo
1041 193 1111 220 vos
1125 176 1293 234 pruden-

24 252 82 288 tes
99 253 137 288 et
154 249 439 300 circumspectos
452 259 533 286 esse
549 246 587 285 in
603 241 860 297 amplectendo
873 242 973 296 quod
988 243 1130 284 bonum
1147 247 1218 293 est,
1239 254 1289 284 ne

25 309 258 363 decipiamini
277 311 298 349 a
324 306 597 354 seductoribu53
621 305 708 347 volo
734 312 856 346 autern
879 319 948 346 vos
975 307 1023 346 ita
1051 304 1234 358 simplices
1249 303 1290 345 et

23 374 214 426 imperitos
235 373 274 412 in
289 371 385 412 malo
401 399 412 419 ‚
434 376 476 410 ut
491 369 630 409 nemini
649 381 786 408 nocere
807 367 969 408 valeatis.

78 436 183 479 Deus
196 443 319 478 autern
337 438 436 489 pacis
450 441 575 476 auctor
594 440 630 475 et
646 440 786 474 amator
807 435 881 474 cito
899 439 1067 475 conterat
1084 434 1153 474 sub
1175 431 1289 487 pedi*-

23 498 94 539 bus
111 499 243 539 vestris
265 494 436 537 satanam
450 526 462 546 ‚
482 496 627 550 hosque
642 497 721 547 ejus
741 496 942 536 ministros.

25 572 145 680 ChAd
162 575 235 618 hoc
256 572 453 618 vobiscum
478 577 525 615 sit
544 572 649 616 favor
671 581 707 614 et
732 574 844 626 gratia
869 571 1028 614 Domini
1055 574 1172 614 nostri
1191 567 1287 614 Jesu

93 641 181 681 risti.

77 700 215 744 Salutat
240 715 309 743 vos
339 698 590 749 Timotheus,
618 701 658 741 in
685 695 890 752 Evangelio
919 697 1152 752 praedicando
1183 703 1290 741 meus

20 764 223 816 coadjutor,
241 771 278 805 et
293 762 443 815 Lucius,
462 769 500 804 et
513 760 645 814 Jason,
663 767 701 803 et
716 759 915 814 Sosipater,
927 763 1292 815 cunsanguineimei»

10 839 12 841 ’
73 840 125 884 Et
143 857 239 896 ege,
282 843 436 883 nomine
464 839 639 889 Tertius,
675 841 737 894 qui
767 839 863 880 hanc
885 838 1097 892 epistolam,
1129 840 1290 882 dictante

18 905 137 949 Paulo
151 937 163 960 ‚
179 907 327 960 scripsi,
347 919 416 947 vos
433 907 471 946 in
487 903 653 946 Domino
669 903 797 944 saluto,

72 983 208 1027 Salutat
226 998 294 1026 vos
319 981 456 1035 Caius,
486 983 582 1038 apud
612 997 724 1037 quem
755 979 819 1022 hle
838 980 1029 1036 hospitor,
1059 987 1095 1021 et
1113 983 1287 1024 universa

18 1044 186 1091 Ecclesia
213 1060 294 1098 quae
319 1059 466 1086 mecum
487 1046 526 1086 in
556 1047 633 1096 ejus
655 1043 800 1084 aedibus
827 1043 1049 1092 diversatur;
1073 1043 1200 1086 salutat
1218 1057 1288 1087 vos

17 1110 167 1155 Erastus
179 1142 189 1162 ‚
211 1107 493 1152 Corinthiorum
506 1111 607 1151 urbis
623 1116 779 1164 quaestor
794 1112 955 1160 aerarius,
974 1117 1012 1151 et
1031 1113 1140 1151 etiam
1160 1109 1289 1163 Quar-

29 1174 217 1216 tussrater.

20 1293 60 1339 A
75 1230 202 1277 Gratia
218 1233 372 1276 Domini
389 1236 504 1275 nostri
527 1231 619 1275 Jesu
640 1231 776 1274 Christi
796 1235 843 1274 sit
862 1247 946 1274 cum
968 1235 1140 1276 omnibus
1164 1235 1293 1282 vobis,

62 1311 164 1338 men.

77 1374 233 1416 AEterna
248 1374 358 1426 gloria
374 1374 419 1412 sit
436 1373 679 1426 omnipotenti
696 1369 782 1412 Deo
798 1399 809 1422 ,
829 1373 893 1424 qui
907 1385 975 1412 vos
990 1370 1103 1425 gratia
1114 1369 1178 1414 suri
1194 1386 1287 1414 con-

5 1438 164 1490 ‘firmare
179 1471 191 1491 ‚
212 1448 248 1480 et
266 1438 427 1479 stabilire
446 1444 567 1490 potest
589 1440 627 1478 in
650 1451 692 1478 ea
719 1437 906 1488 doctrina,
927 1452 1036 1490 quam
1057 1452 1126 1479 vos
1143 1439 1286 1492 doceo,

23 1511 59 1557 et
75 1518 184 1558 quam
199 1505 336 1557 ubique
358 1501 545 1555 praedico;
577 1502 653 1541 imo
670 1507 708 1541 et
727 1514 835 1555 quam
859 1500 1072 1552 praedicavit
1090 1503 1169 1556 ipse
1193 1500 1286 1544 Do-

22 1572 143 1613 minus
160 1567 269 1609 Jesus
284 1565 450 1609 Christus
465 1582 474 1615 3
494 1574 533 1607 ut
546 1567 726 1607 reveletur
743 1580 912 1607 arcanum
928 1568 1102 1607 omnibus
1118 1574 1288 1609 retroac-

24 1635 72 1674 tis
89 1633 229 1674 saeculis
253 1632 508 1672 absconditum
521 1661 531 1679 ‚
556 1632 693 1672 scilicet
712 1629 998 1683 Redemptionis
1014 1638 1050 1671 et
1064 1628 1289 1672 salvationis

26 1699 195 1738 omnium
224 1697 390 1748 gentium
422 1707 487 1747 per
521 1692 652 1735 Jesum
685 1688 880 1734 Christum
915 1691 1142 1736 Salvatorem
1176 1697 1287 1738 totius

25 1755 174 1799 mundi.
1045 1764 1049 1767 “

79 1818 157 1861 Sed
182 1819 283 1874 quod
311 1833 434 1869 nunc,
464 1818 538 1860 hoc
560 1819 696 1860 scilicet
716 1825 884 1874 tempore
911 1820 1059 1866 luminis
1084 1829 1121 1864 et
1137 1826 1287 1878 gratiaeg

27 1884 299 1928 manifestatum
323 1890 378 1924 est
399 1897 465 1937 per
485 1881 688 1937 Scripturas
708 1881 999 1939 Prophetarum,
1020 1891 1204 1942 expositas
1221 1904 1287 1943 per

29 1947 255 2002 Apostolos,
283 1949 331 1988 ab
358 1949 438 2000 ipso
470 1945 617 1989 Christo
647 1946 813 1990 Domino
830 1950 983 1992 edoctos
1000 1965 1010 2000 ς
1027 1959 1066 1993 et
1079 1954 1126 1993 ab
1145 1961 1287 1996 aeterno

21 2011 119 2055 ‘Deo
148 2014 355 2067 delegatos3
377 2012 665 2064 manifestatum,
681 2015 853 2068 inquam,
878 2017 917 2055 in
937 2018 1076 2058 cunctis
1094 2020 1292 2071 gentibus(

22 2085 72 2122 ,ut
89 2079 177 2121 illud
192 2085 320 2132 gentes
339 2091 470 2119 omnes
488 2078 564 2119 fide
588 2080 802 2131 suscipiant,
833 2081 940 2134 eique
967 2079 1043 2123 vita
1067 2087 1104 2122 et
1123 2084 1287 2124 moribus

33 2143 223 2201 obediann

89 2203 177 2246 Deo
191 2233 204 2254 ‚
225 2206 399 2256 inquam
433 2204 704 2256 omnipotenti,
736 2202 879 2256 solique
895 2206 1082 2256 sapienti,
1100 2203 1222 2246 honor
1241 2206 1289 2246 sit

31 2273 70 2310 et
89 2274 222 2309 aterna
237 2266 348 2320 gloria
362 2297 375 2320 ,
395 2280 465 2321 per
479 2264 608 2308 Jesum
632 2261 823 2318 Christum
835 2295 847 2318 ,
870 2266 1004 2310 divinae
1018 2266 1141 2320 gloriae
1159 2267 1289 2321 splen-

34 2331 178 2374 dorem.
201 2327 339 2373 Amen.
