1410 2554
0 0 17 109 i

387 38 572 102 'ruitum
603 70 835 107 Exposmo.
867 57 963 111 Cap.
995 56 1032 98 1.
1300 49 1329 93 5

74 147 156 174 non
179 132 383 175 carnalibus
412 133 566 181 ritibus,
590 133 628 172 in
650 128 857 184 Evangelio
878 119 965 170 Filii
985 130 1064 180 ejus
1087 124 1338 180 paedicando,

0 285 7 334 f

0 333 9 384 i

69 209 147 236 non
168 194 300 247 legales
318 193 488 234 docendo
509 194 745 233 caeremonias
768 206 778 231 2
803 192 906 231 testis
930 196 1008 240 est,
1033 191 1204 243 inquam,
1236 185 1343 240 qubd

69 258 184 299 vestri
197 271 344 311 semper
359 259 429 297 sim
449 270 605 297 memor.

125 320 288 364 Assidue
315 321 518 375 deprecans
544 319 640 359 illam
666 320 702 358 in
731 317 902 371 precibus
930 319 1048 362 meis;
1073 318 1104 356 si
1128 329 1200 368 quo
1227 313 1344 355 modo

0 390 4 395 ’
68 385 148 426 fieri
163 386 293 438 possit,
307 390 347 423 ut
361 383 459 437 quod
477 384 549 434 jam
563 381 625 421 diti
642 380 812 420 desidero
825 410 837 428 ‚
861 379 1010 420 tandem
1026 378 1219 431 aliqnando
1237 391 1340 418 con-

0 602 8 642 -v
0 534 13 599 -„—s

68 450 187 499 tingat
203 463 211 485 :
225 445 384 495 scilicet,
399 441 555 494 ut‚Deo
579 446 631 484 sie
656 442 825 492 volente,
848 455 1026 495 prospero
1044 442 1175 482 itinere
1188 442 1340 482 veniam

68 509 222 550 feliciter
240 508 286 549 ad
303 522 386 548 vos.

125 570 265 624 Magno
294 570 477 625 siquidem
506 576 634 611 teneor
665 568 849 610 desiderio
876 582 945 608 vos
956 598 968 618 ‚
990 582 1068 609 non
1095 564 1172 608 mei
1198 564 1311 618 gratia
1325 595 1340 617 ,

71 626 141 676 sed
151 635 197 675 ad
213 632 500 687 impertiendum
515 633 624 672 vobis
638 630 783 685 aliquod
797 630 984 684 spirituale
1001 630 1141 671 donum
1155 659 1165 679 ‚
1181 643 1254 683 quo
1266 642 1337 670 vos

69 698 109 739 in
129 697 202 738 fide
219 698 294 748 jam
307 696 457 749 accepta
472 697 695 737 confirmem
714 711 723 735 ε

126 757 238 808 Sive,
258 767 296 800 ut
314 760 443 800 melius
461 759 583 800 dicam
595 790 605 810 ,
621 765 660 799 ut
678 765 803 799 mutua
820 759 865 798 sit
882 759 1044 810 utrisque
1060 754 1227 798 nostrum
1247 770 1341 797 con·

71 824 200 866 solatio
215 855 226 874 ‚
254 838 319 876 per
342 838 453 864 unam
479 831 588 876 atque
617 823 786 865 eamdem
815 822 926 862 fidem
942 839 950 868 ;
982 829 1018 861 et
1047 835 1117 872 ego
1142 821 1189 860 de
1216 817 1340 860 vestri

71 888 247 943 gratuler,
271 895 306 930 et
325 901 393 928 vos
407 887 454 928 de
472 887 576 934 ῐηεὲις
597 890 724 940 sicque
738 900 806 926 nos
824 888 988 926 invicem
1011 887 1049 924 in
1066 885 1139 925 side
1157 886 1343 927 corrobo-

70 964 208 997 remus.

127 1012 254 1055 Nolim
270 1019 392 1055 autem
409 1027 477 1054 vos
488 1015 677 1067 ignorare,
694 1011 842 1061 fratres,
859 1014 942 1066 quia
959 1025 1027 1065 per
1043 1026 1105 1052 me
1123 1026 1198 1052 non
1215 1013 1335 1061 stetit,

70 1077 171 1132 quod
191 1091 276 1119 meo
293 1075 477 1118 desiderio
494 1091 569 1118 non
587 1075 826 1117 satisfecerim
847 1092 854 1123 ς
883 1077 1021 1117 etenim
1046 1078 1146 1129 saepe
1165 1075 1255 1116 mihi
1269 1075 1338 1117 suit

0 1174 2 1190 :
69 1141 239 1182 voluntas
269 1143 316 1183 ad
343 1155 413 1181 vos
440 1141 572 1189 eundi;
595 1140 662 1181 sed
685 1140 731 1180 ad
760 1139 858 1180 hunc
888 1154 1005 1194 usque
1033 1139 1132 1180 diem
1158 1138 1250 1180 mihi
1269 1153 1340 1192 per

67 1207 168 1245 varia
189 1205 453 1259 impedimenta
471 1219 549 1245 non
573 1204 695 1251 licuit;
719 1203 804 1244 ideo
832 1211 955 1245 autem
972 1208 1071 1257 saepe
1095 1206 1268 1257 proposui
1288 1203 1338 1244 ad

68 1281 138 1308 vos
157 1270 228 1317 ire,
251 1274 290 1308 ut
308 1270 402 1308 inter
419 1281 487 1308 vos
508 1268 666 1320 aliquem
684 1274 912 1320 reportarem
929 1267 1084 1309 fructum
1098 1298 1108 1318 ‚
1127 1270 1219 1308 sicut
1238 1274 1275 1308 et
1291 1270 1333 1309 in

69 1332 209 1372 caeteris
229 1331 438 1372 nationibus
453 1330 606 1373 feliciter
624 1333 824 1384 reportavi.

121 1392 185 1436 Ex
207 1409 279 1448 quo
296 1394 409 1435 factus
429 1409 510 1436 sum
529 1398 694 1437 omnium
712 1398 878 1448 gentium
899 1393 1104 1448 Apostolus
1119 1428 1131 1448 ,
1157 1396 1332 1438 omnibus

66 1458 188 1509 debeo
211 1458 385 1499 doctrinae
415 1461 659 1500 ministerium
675 1489 687 1511 ,
710 1456 852 1500 Graecis
874 1467 908 1500 et
927 1457 1120 1509 Bai-baris,
1154 1459 1274 1501 doctis
1295 1466 1336 1501 et

67 1519 239 1563 indoctis.
271 1529 275 1533 ’

120 1582 268 1637 Itaque,
286 1587 461 1636 quantum
479 1584 524 1624 ad
537 1599 597 1626 me
611 1587 755 1635 attinet,
769 1591 912 1639 paratus
924 1599 1007 1626 sum
1025 1591 1062 1626 et
1079 1586 1187 1626 vobis
1201 1586 1330 1636 etiam,

67 1648 128 1702 qui
144 1644 282 1687 Romae
301 1650 410 1697 estis,
432 1646 678 1704 Evangelium
697 1650 912 1702 praedicare.

121 1707 273 1751 Paratus
289 1725 370 1752 sum
383 1742 395 1762 ‚
409 1713 558 1765 inquam
572 1743 584 1764 ‚
604 1721 639 1753 et
658 1714 786 1764 vobis,
803 1712 958 1760 Romae.
975 1714 1013 1753 in
1032 1711 1330 1766 splendidissimi

64 1774 177 1824 urbe,
202 1773 424 1828 praedicare,
446 1776 539 1814 sicut
560 1782 595 1816 et
613 1775 716 1823 alibi;
737 1791 810 1817 nec
821 1778 920 1818 enim
935 1774 1026 1817 Jesu
1044 1774 1333 1816 ChristiEvan-

65 1835 200 1888 gelium
231 1838 430 1885 erubesc03
463 1840 546 1891 quia
578 1840 616 1879 in
644 1854 690 1880 eo
718 1842 926 1882 continetur
955 1842 1070 1880 virtus
1099 1847 1136 1880 et
1164 1842 1332 1892 potentia

66 1899 233 1952 quaedam
269 1901 554 1941 instrumentalis
586 1899 660 1942 Dei
673 1931 683 1951 ‚
714 1915 798 1956 quae
829 1903 982 1943 salutem
1019 1909 1196 1944 aeternam
1224 1905 1332 1956 omni

62 1968 102 2002 et
119 1963 264 2004 cuilibet
282 1963 445 2005 credenti
459 1994 471 2014 ‚
493 1962 518 2005 J
523 1965 626 2006 udaeo
643 1968 800 2017 primum
814 1975 851 2007 et
864 1965 1002 2008 Gentili
1016 1997 1028 2017 ‚
1048 1966 1223 2008 conserat.

119 2023 243 2067 Docet
269 2028 368 2068 enim
396 2041 483 2078 1105,
514 2035 550 2069 et
577 2029 693 2078 clare,
727 2030 827 2071 unde
859 2033 904 2071 sit
935 2030 1059 2070 divina
1078 2032 1228 2081 justitia,
1258 2043 1326 2070 seu

62 2100 148 2143 quae
165 2103 235 2130 nos
263 2094 351 2131 vere
383 2097 418 2131 et
440 2105 563 2132 coram
582 2089 668 2133 Deo
688 2092 806 2134 reddit
825 2094 964 2143 justos;
987 2093 1147 2140 scilicet,
1172 2107 1221 2134 ex
1249 2092 1329 2135 fide

61 2153 102 2193 in
120 2149 255 2193 Jesum
275 2149 481 2204 Christum,
506 2168 585 2207 quae
605 2156 642 2195 in
665 2154 746 2195 dies
764 2169 978 2209 augescens,
1002 2155 1216 2196 credentem
1233 2169 1327 2209 per·

0 2219 4 2223 ’
60 2217 161 2259 ducit
173 2219 218 2259 ad
235 2225 410 2260 aeternam
423 2219 575 2260 salutem
596 2220 931 2272 :quemadmodum
945 2219 1124 2261 Habacuc
1134 2219 1324 2273 praedixitj

59 2276 180 2331 iustus
197 2296 245 2324 ex
263 2282 337 2323 fide
356 2285 449 2322 vivit
469 2290 506 2323 et
524 2285 640 2324 vivet.

115 2341 222 2386 Idem
236 2343 481 2399 Evangelium
505 2349 525 2387 ὲ
543 2349 670 2387 contra
702 2346 811 2388 docet
828 2362 898 2388 nos
911 2377 922 2397 ‚
942 2344 1014 2388 Dei
1028 2347 1228 2390 vindictam
1245 2347 1323 2389 ali·
