1410 2554
141 70 228 116 326
503 66 726 115 zm'smuss*
741 87 800 116 Au
827 87 1028 120 hommes

362 265 608 310 CAPUT
648 267 1190 317 DUODECIMUM.
1244 318 1245 321 ,

704 388 856 428 Texlus.

156 484 449 576 1.0BSECRO
470 530 610 588 itaque
620 533 712 582 Jvos
727 567 736 585 ‚
761 533 928 587 fratres,
960 551 1036 590 per
1056 536 1393 584 misericordiam

139 599 254 656 Dei,
278 611 326 645 ut
356 600 588 647 exhibeatis
618 619 799 659 corpora
819 613 956 648 vestra
977 602 1160 649 hostiam
1183 605 1397 654 viventem

138 682 356 728 sanctam,
377 674 464 717 Deo
478 673 737 728 placentem,
762 672 1014 718 rationabile
1032 674 1283 731 obsequium
1306 693 1399 723 ves-

139 754 270 790 trum.
679 749 686 754 ”

197 927 238 953 2.
261 908 316 952 Et
335 907 470 952 nolite
485 907 747 953 conformari
765 907 864 952 huic
883 907 1034 954 saeculo
1054 928 1065 950 ε
1087 907 1162 962 sed
1181 907 1398 953 reforma-

137 978 247 1024 mini
265 979 310 1023 in
330 979 515 1037 novitate
534 981 681 1024 sensfis
697 978 848 1032 vestri,
871 989 916 1023 ut
937 978 1124 1035 probetis
1144 996 1237 1034 quae
1254 978 1308 1024 sit
1324 995 1403 1025 vo·

136 1048 280 1093 luntas
299 1047 376 1092 Dei
396 1047 533 1104 bona,
554 1059 594 1092 et
615 1048 898 1104 beneplacens
916 1057 955 1093 et
976 1046 1174 1104 perfecta.

193 1421 233 1461 3.
254 1415 360 1461 Dico
374 1414 488 1459 enim
506 1432 580 1470 per
601 1421 775 1473 gratiam
794 1432 883 1470 quae
903 1415 999 1459 data
1024 1424 1087 1459 est
1102 1413 1230 1469 mihi,
1250 1413 1396 1459 omni-

137 1488 218 1534 bus
234 1486 307 1544 qui
325 1495 422 1531 sunt
448 1484 558 1529 inter
575 1503 648 1531 vos
664 1521 675 1540 ‚
696 1502 782 1530 non
801 1485 896 1540 plus
913 1502 1060 1541 sapere
1079 1488 1206 1540 quam
1228 1493 1397 1540 oportet

138 1574 287 1616 sapere
303 1593 314 1612 ‚
335 1556 410 1604 sed
425 1573 571 1612 sapere
589 1557 641 1601 ad
666 1555 935 1601 sobrietatem
951 1572 959 1597 ε
978 1565 1018 1600 et
1036 1554 1265 1611 unicuique
1287 1553 1401 1601 sicut

135 1632 254 1676 Deus
278 1628 419 1673 divisit
437 1644 682 1673 mensuram
703 1626 817 1671 fidei.

194 1739 235 1789 4.
251 1734 367 1779 Sicut
390 1732 502 1778 enim
527 1732 571 1775 in
594 1748 679 1775 uno
700 1747 880 1786 corpore
897 1729 1028 1773 multa
1051 1729 1243 1774 membra
1257 1727 1394 1774 habe-

137 1822 257 1859 mus,
282 1802 428 1849 omnia
445 1812 586 1848 autem
613 1799 806 1846 membra
833 1817 921 1844 non
940 1799 1136 1845 eumdem
1154 1809 1298 1845 actum
1313 1798 1396 1845 ha·-

136 1875 275 1922 bent:

196 1949 233 1989 5.
246 1944 313 1989 Ita
329 1943 451 1988 mulli
468 1961 599 1987 unum
620 1959 775 1998 empus
791 1959 937 1987 sumus
955 1939 998 1985 in
1020 1939 1218 1997 Christo,
1237 1937 1397 1999 singuli

139 2026 284 2062 autem
308 2016 414 2060 alter
433 2013 605 2060 alterius
629 2013 832 2059 membm.

192 2221 231 2263 6.
252 2218 468 2262 Habentes
491 2226 632 2261 aulem
652 2213 900 2260 donationes
925 2212 1159 2259 secundnm
1184 2209 1363 2269 gratiam
1377 2244 1389 2265 ‚

137 2309 230 2350 quae
248 2290 344 2336 data
365 2299 428 2334 est
447 2286 596 2343 nobis,
622 2285 860 2330 disserentes
874 2317 887 2338 ‚
