<?xml version="1.0" encoding="UTF-8"?>
<!DOCTYPE html PUBLIC "-//W3C//DTD XHTML 1.0 Transitional//EN"
    "http://www.w3.org/TR/xhtml1/DTD/xhtml1-transitional.dtd">
<html xmlns="http://www.w3.org/1999/xhtml" xml:lang="en" lang="en">
 <head>
  <title>
</title>
<meta http-equiv="Content-Type" content="text/html;charset=utf-8" />
  <meta name='ocr-system' content='tesseract 3.04.00' />
  <meta name='ocr-capabilities' content='ocr_page ocr_carea ocr_par ocr_line ocrx_word'/>
</head>
<body>
  <div class='ocr_page' id='page_1' title='image "./epistolaumbpauli01picq_0430.png"; bbox 0 0 1410 2554; ppageno 0'>
   <div class='ocr_carea' id='block_1_1' title="bbox 142 54 1042 99">
    <p class='ocr_par' dir='ltr' id='par_1_1' title="bbox 142 54 1042 99">
     <span class='ocr_line' id='line_1_1' title="bbox 142 54 1042 99; baseline -0.002 0"><span class='ocrx_word' id='word_1_1' title='bbox 142 54 225 99; x_wconf 71' lang='lat'><strong>386</strong></span> <span class='ocrx_word' id='word_1_2' title='bbox 506 64 714 96; x_wconf 62' lang='lat' dir='ltr'><strong>errs&#39;ronffi</strong></span> <span class='ocrx_word' id='word_1_3' title='bbox 741 63 798 94; x_wconf 70' lang='lat' dir='ltr'><strong>An</strong></span> <span class='ocrx_word' id='word_1_4' title='bbox 828 64 1042 96; x_wconf 63' lang='lat' dir='ltr'><strong>Romanos</strong></span> 
     </span>
    </p>
   </div>
   <div class='ocr_carea' id='block_1_2' title="bbox 137 121 1401 681">
    <p class='ocr_par' dir='ltr' id='par_1_2' title="bbox 137 121 1400 372">
     <span class='ocr_line' id='line_1_2' title="bbox 137 121 1400 178; baseline 0.002 -10"><span class='ocrx_word' id='word_1_5' title='bbox 137 128 281 169; x_wconf 74' lang='lat' dir='ltr'><strong>moniis</strong></span> <span class='ocrx_word' id='word_1_6' title='bbox 306 123 357 166; x_wconf 89' lang='lat' dir='ltr'><strong>D.</strong></span> <span class='ocrx_word' id='word_1_7' title='bbox 390 122 526 166; x_wconf 84' lang='lat' dir='ltr'><strong>Paulus</strong></span> <span class='ocrx_word' id='word_1_8' title='bbox 558 124 721 165; x_wconf 74' lang='lat' dir='ltr'><strong>ostendit</strong></span> <span class='ocrx_word' id='word_1_9' title='bbox 753 121 956 174; x_wconf 80' lang='lat' dir='ltr'>Gentibus,</span> <span class='ocrx_word' id='word_1_10' title='bbox 999 124 1087 178; x_wconf 89' lang='lat' dir='ltr'><strong>quid</strong></span> <span class='ocrx_word' id='word_1_11' title='bbox 1121 123 1207 168; x_wconf 88' lang='lat' dir='ltr'><strong>Deo</strong></span> <span class='ocrx_word' id='word_1_12' title='bbox 1237 126 1400 170; x_wconf 81' lang='lat' dir='ltr'><strong>debeant</strong></span> 
     </span>
     <span class='ocr_line' id='line_1_3' title="bbox 137 187 1399 244; baseline 0.002 -13"><span class='ocrx_word' id='word_1_13' title='bbox 137 196 290 244; x_wconf 81' lang='lat' dir='ltr'><strong>propter</strong></span> <span class='ocrx_word' id='word_1_14' title='bbox 310 187 407 229; x_wconf 88' lang='lat' dir='ltr'><strong>hanc</strong></span> <span class='ocrx_word' id='word_1_15' title='bbox 421 189 492 228; x_wconf 88' lang='lat' dir='ltr'><strong>sibi</strong></span> <span class='ocrx_word' id='word_1_16' title='bbox 511 189 708 240; x_wconf 75' lang='lat' dir='ltr'><strong>praestitam</strong></span> <span class='ocrx_word' id='word_1_17' title='bbox 733 187 1039 236; x_wconf 66' lang='lat' dir='ltr'><strong>misericordiam</strong></span> <span class='ocrx_word' id='word_1_18' title='bbox 1066 189 1175 230; x_wconf 89' lang='lat' dir='ltr'><strong>simul</strong></span> <span class='ocrx_word' id='word_1_19' title='bbox 1193 197 1231 230; x_wconf 88' lang='lat' dir='ltr'><strong>et</strong></span> <span class='ocrx_word' id='word_1_20' title='bbox 1255 188 1399 233; x_wconf 75' lang='lat' dir='ltr'><strong>Judaeis</strong></span> 
     </span>
     <span class='ocr_line' id='line_1_4' title="bbox 139 249 1400 308; baseline 0.001 -12"><span class='ocrx_word' id='word_1_21' title='bbox 139 253 303 297; x_wconf 85' lang='lat' dir='ltr'><strong>ostendit</strong></span> <span class='ocrx_word' id='word_1_22' title='bbox 318 253 418 308; x_wconf 78' lang='lat' dir='ltr'><strong>quod</strong></span> <span class='ocrx_word' id='word_1_23' title='bbox 429 254 562 305; x_wconf 77' lang='lat' dir='ltr'><strong>injuste</strong></span> <span class='ocrx_word' id='word_1_24' title='bbox 587 249 770 294; x_wconf 82' lang='lat' dir='ltr'><strong>Gentibus</strong></span> <span class='ocrx_word' id='word_1_25' title='bbox 798 252 1012 305; x_wconf 86' lang='lat' dir='ltr'><strong>invideant,</strong></span> <span class='ocrx_word' id='word_1_26' title='bbox 1034 254 1134 308; x_wconf 90' lang='lat' dir='ltr'><strong>quod</strong></span> <span class='ocrx_word' id='word_1_27' title='bbox 1151 251 1253 296; x_wconf 89' lang='lat' dir='ltr'><strong>Deus</strong></span> <span class='ocrx_word' id='word_1_28' title='bbox 1272 255 1340 296; x_wconf 88' lang='lat' dir='ltr'><strong>illis</strong></span> <span class='ocrx_word' id='word_1_29' title='bbox 1357 270 1400 298; x_wconf 89' lang='lat' dir='ltr'><strong>se</strong></span> 
     </span>
     <span class='ocr_line' id='line_1_5' title="bbox 138 318 679 372; baseline -0.007 -10"><span class='ocrx_word' id='word_1_30' title='bbox 138 320 306 362; x_wconf 75' lang='lat' dir='ltr'><strong>daturum</strong></span> <span class='ocrx_word' id='word_1_31' title='bbox 321 321 429 360; x_wconf 87' lang='lat' dir='ltr'><strong>toties</strong></span> <span class='ocrx_word' id='word_1_32' title='bbox 445 318 679 372; x_wconf 80' lang='lat' dir='ltr'><strong>praedixerat.</strong></span> 
     </span>
    </p>

    <p class='ocr_par' dir='ltr' id='par_1_3' title="bbox 139 377 1399 608">
     <span class='ocr_line' id='line_1_6' title="bbox 195 377 1398 434; baseline 0.002 -13"><span class='ocrx_word' id='word_1_33' title='bbox 195 379 366 423; x_wconf 87' lang='lat' dir='ltr'><strong>Primum</strong></span> <span class='ocrx_word' id='word_1_34' title='bbox 396 379 649 421; x_wconf 83' lang='lat' dir='ltr'><strong>testimonium</strong></span> <span class='ocrx_word' id='word_1_35' title='bbox 683 377 821 420; x_wconf 88' lang='lat' dir='ltr'><strong>Davidi</strong></span> <span class='ocrx_word' id='word_1_36' title='bbox 850 379 1000 434; x_wconf 88' lang='lat' dir='ltr'><strong>quidem</strong></span> <span class='ocrx_word' id='word_1_37' title='bbox 1037 383 1240 431; x_wconf 86' lang='lat' dir='ltr'><strong>convenit,</strong></span> <span class='ocrx_word' id='word_1_38' title='bbox 1277 389 1315 423; x_wconf 92' lang='lat' dir='ltr'><strong>et</strong></span> <span class='ocrx_word' id='word_1_39' title='bbox 1351 382 1398 424; x_wconf 85' lang='lat' dir='ltr'><strong>ad</strong></span> 
     </span>
     <span class='ocr_line' id='line_1_7' title="bbox 141 438 1399 497; baseline 0.002 -14"><span class='ocrx_word' id='word_1_40' title='bbox 141 444 336 497; x_wconf 86' lang='lat' dir='ltr'><strong>mysticum</strong></span> <span class='ocrx_word' id='word_1_41' title='bbox 354 439 539 481; x_wconf 85' lang='lat' dir='ltr'><strong>Davidem</strong></span> <span class='ocrx_word' id='word_1_42' title='bbox 550 472 561 492; x_wconf 87' lang='lat'><strong>‚</strong></span> <span class='ocrx_word' id='word_1_43' title='bbox 577 438 765 481; x_wconf 81' lang='lat' dir='ltr'><strong>Christum</strong></span> <span class='ocrx_word' id='word_1_44' title='bbox 777 440 930 491; x_wconf 82' lang='lat' dir='ltr'><strong>scilicet,</strong></span> <span class='ocrx_word' id='word_1_45' title='bbox 948 445 1102 493; x_wconf 84' lang='lat' dir='ltr'><strong>aptatur,</strong></span> <span class='ocrx_word' id='word_1_46' title='bbox 1119 444 1180 494; x_wconf 90' lang='lat' dir='ltr'><strong>qui</strong></span> <span class='ocrx_word' id='word_1_47' title='bbox 1195 441 1282 483; x_wconf 88' lang='lat' dir='ltr'><strong>dicit</strong></span> <span class='ocrx_word' id='word_1_48' title='bbox 1298 443 1399 497; x_wconf 68' lang='lat' dir='ltr'><strong>quod</strong></span> 
     </span>
     <span class='ocr_line' id='line_1_8' title="bbox 140 498 1398 546; baseline -0.001 -1"><span class='ocrx_word' id='word_1_49' title='bbox 140 502 264 546; x_wconf 85' lang='lat' dir='ltr'><strong>Patris</strong></span> <span class='ocrx_word' id='word_1_50' title='bbox 282 505 338 544; x_wconf 89' lang='lat' dir='ltr'><strong>sui</strong></span> <span class='ocrx_word' id='word_1_51' title='bbox 360 502 484 544; x_wconf 90' lang='lat' dir='ltr'><strong>laudes</strong></span> <span class='ocrx_word' id='word_1_52' title='bbox 508 505 603 543; x_wconf 89' lang='lat' dir='ltr'><strong>inter</strong></span> <span class='ocrx_word' id='word_1_53' title='bbox 623 500 791 543; x_wconf 84' lang='lat' dir='ltr'><strong>Gentiles</strong></span> <span class='ocrx_word' id='word_1_54' title='bbox 819 502 867 542; x_wconf 88' lang='lat' dir='ltr'><strong>ad</strong></span> <span class='ocrx_word' id='word_1_55' title='bbox 885 498 1004 542; x_wconf 88' lang='lat' dir='ltr'><strong>fidem</strong></span> <span class='ocrx_word' id='word_1_56' title='bbox 1022 515 1223 543; x_wconf 87' lang='lat' dir='ltr'><strong>conversos</strong></span> <span class='ocrx_word' id='word_1_57' title='bbox 1252 503 1398 546; x_wconf 76' lang='lat' dir='ltr'><strong>decan-</strong></span> 
     </span>
     <span class='ocr_line' id='line_1_9' title="bbox 139 567 248 608; baseline -0.018 0"><span class='ocrx_word' id='word_1_58' title='bbox 139 567 248 608; x_wconf 81' lang='lat' dir='ltr'><strong>tabit.</strong></span> 
     </span>
    </p>

    <p class='ocr_par' dir='ltr' id='par_1_4' title="bbox 195 622 1401 681">
     <span class='ocr_line' id='line_1_10' title="bbox 195 622 1401 681; baseline -0.002 -11"><span class='ocrx_word' id='word_1_59' title='bbox 195 627 416 671; x_wconf 84' lang='lat' dir='ltr'><strong>secundum</strong></span> <span class='ocrx_word' id='word_1_60' title='bbox 435 629 564 669; x_wconf 80' lang='lat' dir='ltr'><strong>invitat</strong></span> <span class='ocrx_word' id='word_1_61' title='bbox 585 625 728 668; x_wconf 84' lang='lat' dir='ltr'><strong>Gentes</strong></span> <span class='ocrx_word' id='word_1_62' title='bbox 753 627 800 667; x_wconf 90' lang='lat' dir='ltr'><strong>ad</strong></span> <span class='ocrx_word' id='word_1_63' title='bbox 831 622 966 668; x_wconf 90' lang='lat' dir='ltr'><strong>Deum</strong></span> <span class='ocrx_word' id='word_1_64' title='bbox 996 640 1080 666; x_wconf 90' lang='lat' dir='ltr'><strong>cum</strong></span> <span class='ocrx_word' id='word_1_65' title='bbox 1115 627 1257 681; x_wconf 90' lang='lat' dir='ltr'><strong>populo</strong></span> <span class='ocrx_word' id='word_1_66' title='bbox 1289 625 1401 668; x_wconf 87' lang='lat' dir='ltr'><strong>Israel</strong></span> 
     </span>
    </p>
   </div>
   <div class='ocr_carea' id='block_1_3' title="bbox 139 692 1256 794">
    <p class='ocr_par' dir='ltr' id='par_1_5' title="bbox 139 692 1256 794">
     <span class='ocr_line' id='line_1_11' title="bbox 139 692 376 735; baseline -0.013 -1"><span class='ocrx_word' id='word_1_67' title='bbox 139 692 376 735; x_wconf 81' lang='lat' dir='ltr'><strong>laudandum.</strong></span> 
     </span>
     <span class='ocr_line' id='line_1_12' title="bbox 197 747 1256 794; baseline -0.003 -1"><span class='ocrx_word' id='word_1_68' title='bbox 197 751 370 794; x_wconf 79' lang='lat' dir='ltr'><strong>Tertium</strong></span> <span class='ocrx_word' id='word_1_69' title='bbox 387 765 518 793; x_wconf 90' lang='lat' dir='ltr'><strong>omnes</strong></span> <span class='ocrx_word' id='word_1_70' title='bbox 531 751 638 792; x_wconf 90' lang='lat' dir='ltr'><strong>simul</strong></span> <span class='ocrx_word' id='word_1_71' title='bbox 653 748 797 792; x_wconf 85' lang='lat' dir='ltr'><strong>Gentes</strong></span> <span class='ocrx_word' id='word_1_72' title='bbox 811 749 858 791; x_wconf 84' lang='lat' dir='ltr'><strong>ad</strong></span> <span class='ocrx_word' id='word_1_73' title='bbox 877 747 953 790; x_wconf 88' lang='lat' dir='ltr'><strong>Dei</strong></span> <span class='ocrx_word' id='word_1_74' title='bbox 969 748 1095 789; x_wconf 87' lang='lat' dir='ltr'><strong>laudes</strong></span> <span class='ocrx_word' id='word_1_75' title='bbox 1113 751 1256 791; x_wconf 88' lang='lat' dir='ltr'><strong>invitat.</strong></span> 
     </span>
    </p>
   </div>
   <div class='ocr_carea' id='block_1_4' title="bbox 139 809 1403 1253">
    <p class='ocr_par' dir='ltr' id='par_1_6' title="bbox 139 809 1403 1128">
     <span class='ocr_line' id='line_1_13' title="bbox 197 809 1401 870; baseline -0.002 -13"><span class='ocrx_word' id='word_1_76' title='bbox 197 815 380 869; x_wconf 84' lang='lat' dir='ltr'><strong>Quartum</strong></span> <span class='ocrx_word' id='word_1_77' title='bbox 389 815 552 870; x_wconf 81' lang='lat' dir='ltr'><strong>praedicit</strong></span> <span class='ocrx_word' id='word_1_78' title='bbox 565 815 665 869; x_wconf 72' lang='lat' dir='ltr'><strong>quod</strong></span> <span class='ocrx_word' id='word_1_79' title='bbox 675 812 823 855; x_wconf 87' lang='lat' dir='ltr'><strong>Gentes</strong></span> <span class='ocrx_word' id='word_1_80' title='bbox 840 815 879 853; x_wconf 91' lang='lat' dir='ltr'><strong>in</strong></span> <span class='ocrx_word' id='word_1_81' title='bbox 893 809 1082 853; x_wconf 86' lang='lat' dir='ltr'><strong>Christum</strong></span> <span class='ocrx_word' id='word_1_82' title='bbox 1099 814 1313 865; x_wconf 83' lang='lat' dir='ltr'><strong>sperabunt3</strong></span> <span class='ocrx_word' id='word_1_83' title='bbox 1334 827 1401 854; x_wconf 84' lang='lat' dir='ltr'><strong>seu</strong></span> 
     </span>
     <span class='ocr_line' id='line_1_14' title="bbox 141 878 1402 937; baseline -0.005 -12"><span class='ocrx_word' id='word_1_84' title='bbox 141 882 242 937; x_wconf 73' lang='lat' dir='ltr'><strong>quod</strong></span> <span class='ocrx_word' id='word_1_85' title='bbox 259 880 432 924; x_wconf 86' lang='lat' dir='ltr'><strong>Christus</strong></span> <span class='ocrx_word' id='word_1_86' title='bbox 444 881 618 922; x_wconf 89' lang='lat' dir='ltr'><strong>oriundus</strong></span> <span class='ocrx_word' id='word_1_87' title='bbox 636 883 684 921; x_wconf 89' lang='lat' dir='ltr'><strong>sit</strong></span> <span class='ocrx_word' id='word_1_88' title='bbox 701 879 906 921; x_wconf 77' lang='lat' dir='ltr'><strong>secundum</strong></span> <span class='ocrx_word' id='word_1_89' title='bbox 925 891 1071 918; x_wconf 86' lang='lat' dir='ltr'><strong>carnem</strong></span> <span class='ocrx_word' id='word_1_90' title='bbox 1086 908 1097 927; x_wconf 79' lang='lat'>‚</span> <span class='ocrx_word' id='word_1_91' title='bbox 1118 893 1167 917; x_wconf 80' lang='lat' dir='ltr'><strong>ex</strong></span> <span class='ocrx_word' id='word_1_92' title='bbox 1188 879 1340 927; x_wconf 80' lang='lat' dir='ltr'><strong>radice,</strong></span> <span class='ocrx_word' id='word_1_93' title='bbox 1363 878 1402 919; x_wconf 90' lang='lat' dir='ltr'><strong>id</strong></span> 
     </span>
     <span class='ocr_line' id='line_1_15' title="bbox 141 937 1402 999; baseline -0.006 -11"><span class='ocrx_word' id='word_1_94' title='bbox 141 954 219 998; x_wconf 88' lang='lat' dir='ltr'><strong>est,</strong></span> <span class='ocrx_word' id='word_1_95' title='bbox 238 949 350 999; x_wconf 87' lang='lat' dir='ltr'><strong>stirpe</strong></span> <span class='ocrx_word' id='word_1_96' title='bbox 369 943 481 986; x_wconf 85' lang='lat' dir='ltr'><strong>Jesse</strong></span> <span class='ocrx_word' id='word_1_97' title='bbox 498 974 510 994; x_wconf 87' lang='lat'>‚</span> <span class='ocrx_word' id='word_1_98' title='bbox 529 946 639 997; x_wconf 84' lang='lat' dir='ltr'><strong>patris</strong></span> <span class='ocrx_word' id='word_1_99' title='bbox 659 941 786 983; x_wconf 89' lang='lat' dir='ltr'><strong>David</strong></span> <span class='ocrx_word' id='word_1_100' title='bbox 806 958 814 989; x_wconf 93' lang='lat'>;</span> <span class='ocrx_word' id='word_1_101' title='bbox 836 941 935 994; x_wconf 78' lang='lat' dir='ltr'><strong>quod</strong></span> <span class='ocrx_word' id='word_1_102' title='bbox 954 942 1033 994; x_wconf 90' lang='lat' dir='ltr'><strong>ipse</strong></span> <span class='ocrx_word' id='word_1_103' title='bbox 1065 937 1232 982; x_wconf 86' lang='lat' dir='ltr'><strong>Christus</strong></span> <span class='ocrx_word' id='word_1_104' title='bbox 1260 956 1402 982; x_wconf 74' lang='lat' dir='ltr'><strong>exsur-</strong></span> 
     </span>
     <span class='ocr_line' id='line_1_16' title="bbox 139 1003 1403 1061; baseline -0.002 -13"><span class='ocrx_word' id='word_1_105' title='bbox 139 1015 220 1061; x_wconf 78' lang='lat' dir='ltr'><strong>get,</strong></span> <span class='ocrx_word' id='word_1_106' title='bbox 240 1015 278 1049; x_wconf 90' lang='lat' dir='ltr'><strong>nt</strong></span> <span class='ocrx_word' id='word_1_107' title='bbox 307 1005 492 1049; x_wconf 82' lang='lat' dir='ltr'><strong>Gentibus</strong></span> <span class='ocrx_word' id='word_1_108' title='bbox 511 1010 690 1059; x_wconf 82' lang='lat' dir='ltr'><strong>imperet3</strong></span> <span class='ocrx_word' id='word_1_109' title='bbox 714 1007 834 1059; x_wconf 89' lang='lat' dir='ltr'><strong>sitque</strong></span> <span class='ocrx_word' id='word_1_110' title='bbox 857 1018 978 1044; x_wconf 87' lang='lat' dir='ltr'><strong>earum</strong></span> <span class='ocrx_word' id='word_1_111' title='bbox 998 1003 1179 1057; x_wconf 84' lang='lat' dir='ltr'><strong>Princeps</strong></span> <span class='ocrx_word' id='word_1_112' title='bbox 1200 1022 1208 1052; x_wconf 86' lang='grc'>;</span> <span class='ocrx_word' id='word_1_113' title='bbox 1230 1008 1270 1046; x_wconf 89' lang='lat' dir='ltr'><strong>in</strong></span> <span class='ocrx_word' id='word_1_114' title='bbox 1287 1019 1403 1047; x_wconf 92' lang='lat' dir='ltr'><strong>eum-—</strong></span> 
     </span>
     <span class='ocr_line' id='line_1_17' title="bbox 142 1067 1403 1128; baseline -0.002 -13"><span class='ocrx_word' id='word_1_115' title='bbox 142 1089 215 1128; x_wconf 91' lang='lat' dir='ltr'><strong>que</strong></span> <span class='ocrx_word' id='word_1_116' title='bbox 229 1103 240 1122; x_wconf 84' lang='lat'>‚</span> <span class='ocrx_word' id='word_1_117' title='bbox 263 1079 435 1126; x_wconf 85' lang='lat' dir='ltr'><strong>tanquam</strong></span> <span class='ocrx_word' id='word_1_118' title='bbox 453 1086 558 1112; x_wconf 90' lang='lat' dir='ltr'><strong>suum</strong></span> <span class='ocrx_word' id='word_1_119' title='bbox 575 1069 871 1124; x_wconf 86' lang='lat' dir='ltr'><strong>Redemptorem</strong></span> <span class='ocrx_word' id='word_1_120' title='bbox 888 1076 924 1110; x_wconf 90' lang='lat' dir='ltr'><strong>et</strong></span> <span class='ocrx_word' id='word_1_121' title='bbox 941 1067 1169 1110; x_wconf 79' lang='lat' dir='ltr'><strong>salvatorem</strong></span> <span class='ocrx_word' id='word_1_122' title='bbox 1187 1072 1403 1122; x_wconf 83' lang='lat' dir='ltr'><strong>sperabunt.</strong></span> 
     </span>
    </p>

    <p class='ocr_par' dir='ltr' id='par_1_7' title="bbox 141 1131 1403 1253">
     <span class='ocr_line' id='line_1_18' title="bbox 198 1131 1403 1189; baseline -0.002 -11"><span class='ocrx_word' id='word_1_123' title='bbox 198 1135 347 1179; x_wconf 86' lang='lat' dir='ltr'><strong>Christe</strong></span> <span class='ocrx_word' id='word_1_124' title='bbox 361 1167 372 1189; x_wconf 89' lang='lat'>‚</span> <span class='ocrx_word' id='word_1_125' title='bbox 391 1135 480 1177; x_wconf 88' lang='lat' dir='ltr'><strong>Rex</strong></span> <span class='ocrx_word' id='word_1_126' title='bbox 507 1149 612 1177; x_wconf 90' lang='lat' dir='ltr'><strong>meus</strong></span> <span class='ocrx_word' id='word_1_127' title='bbox 626 1166 638 1186; x_wconf 91' lang='lat'>‚</span> <span class='ocrx_word' id='word_1_128' title='bbox 665 1134 822 1175; x_wconf 81' lang='lat' dir='ltr'><strong>salvator</strong></span> <span class='ocrx_word' id='word_1_129' title='bbox 853 1148 959 1174; x_wconf 90' lang='lat' dir='ltr'><strong>meus</strong></span> <span class='ocrx_word' id='word_1_130' title='bbox 973 1163 984 1184; x_wconf 87' lang='lat'>‚</span> <span class='ocrx_word' id='word_1_131' title='bbox 1021 1131 1124 1174; x_wconf 87' lang='lat' dir='ltr'><strong>Deus</strong></span> <span class='ocrx_word' id='word_1_132' title='bbox 1146 1148 1249 1175; x_wconf 89' lang='lat' dir='ltr'><strong>meus</strong></span> <span class='ocrx_word' id='word_1_133' title='bbox 1268 1164 1279 1185; x_wconf 88' lang='lat'>,</span> <span class='ocrx_word' id='word_1_134' title='bbox 1310 1137 1348 1175; x_wconf 91' lang='lat' dir='ltr'><strong>in</strong></span> <span class='ocrx_word' id='word_1_135' title='bbox 1365 1141 1403 1177; x_wconf 88' lang='lat' dir='ltr'><strong>te</strong></span> 
     </span>
     <span class='ocr_line' id='line_1_19' title="bbox 141 1194 1403 1253; baseline -0.002 -13"><span class='ocrx_word' id='word_1_136' title='bbox 141 1207 218 1240; x_wconf 82' lang='lat' dir='ltr'><strong>tota</strong></span> <span class='ocrx_word' id='word_1_137' title='bbox 239 1214 324 1253; x_wconf 89' lang='lat' dir='ltr'><strong>spes</strong></span> <span class='ocrx_word' id='word_1_138' title='bbox 356 1213 439 1240; x_wconf 88' lang='lat' dir='ltr'><strong>mea</strong></span> <span class='ocrx_word' id='word_1_139' title='bbox 457 1228 467 1248; x_wconf 92' lang='lat'>‚</span> <span class='ocrx_word' id='word_1_140' title='bbox 501 1212 587 1251; x_wconf 84' lang='lat' dir='ltr'><strong>rege</strong></span> <span class='ocrx_word' id='word_1_141' title='bbox 607 1211 690 1248; x_wconf 88' lang='lat' dir='ltr'><strong>me,</strong></span> <span class='ocrx_word' id='word_1_142' title='bbox 715 1196 812 1238; x_wconf 87' lang='lat' dir='ltr'><strong>salva</strong></span> <span class='ocrx_word' id='word_1_143' title='bbox 841 1210 902 1237; x_wconf 90' lang='lat' dir='ltr'><strong>me</strong></span> <span class='ocrx_word' id='word_1_144' title='bbox 920 1213 929 1244; x_wconf 93' lang='lat'>;</span> <span class='ocrx_word' id='word_1_145' title='bbox 958 1209 1065 1249; x_wconf 90' lang='lat' dir='ltr'><strong>spem</strong></span> <span class='ocrx_word' id='word_1_146' title='bbox 1084 1210 1206 1237; x_wconf 85' lang='lat' dir='ltr'><strong>meam</strong></span> <span class='ocrx_word' id='word_1_147' title='bbox 1223 1226 1234 1248; x_wconf 90' lang='lat'>‚</span> <span class='ocrx_word' id='word_1_148' title='bbox 1256 1196 1278 1236; x_wconf 82' lang='grc' dir='ltr'>ὁ</span> <span class='ocrx_word' id='word_1_149' title='bbox 1298 1194 1403 1238; x_wconf 87' lang='lat' dir='ltr'><strong>Deus</strong></span> 
     </span>
    </p>
   </div>
   <div class='ocr_carea' id='block_1_5' title="bbox 122 1261 1403 1372">
    <p class='ocr_par' dir='ltr' id='par_1_8' title="bbox 122 1261 1403 1372">
     <span class='ocr_line' id='line_1_20' title="bbox 142 1261 553 1316; baseline -0.007 -12"><span class='ocrx_word' id='word_1_150' title='bbox 142 1261 404 1316; x_wconf 84' lang='lat' dir='ltr'><strong>Redemptor!</strong></span> <span class='ocrx_word' id='word_1_151' title='bbox 428 1262 553 1316; x_wconf 84' lang='lat' dir='ltr'><strong>imple.</strong></span> 
     </span>
     <span class='ocr_line' id='line_1_21' title="bbox 122 1320 1403 1372; baseline -0.005 -5"><span class='ocrx_word' id='word_1_152' title='bbox 122 1350 125 1356; x_wconf 51' lang='grc' dir='ltr'><strong><em>ι</em></strong></span> <span class='ocrx_word' id='word_1_153' title='bbox 195 1321 244 1367; x_wconf 58' lang='lat' dir='ltr'><strong>fi.</strong></span> <span class='ocrx_word' id='word_1_154' title='bbox 271 1325 336 1365; x_wconf 88' lang='lat'><strong>13.</strong></span> <span class='ocrx_word' id='word_1_155' title='bbox 358 1325 459 1363; x_wconf 83' lang='lat' dir='ltr'><strong>Deus</strong></span> <span class='ocrx_word' id='word_1_156' title='bbox 474 1329 601 1361; x_wconf 84' lang='lat' dir='ltr'><strong>autem</strong></span> <span class='ocrx_word' id='word_1_157' title='bbox 622 1321 739 1372; x_wconf 78' lang='lat' dir='ltr'><strong>spei...</strong></span> <span class='ocrx_word' id='word_1_158' title='bbox 764 1326 889 1360; x_wconf 87' lang='lat' dir='ltr'><strong>auctor</strong></span> <span class='ocrx_word' id='word_1_159' title='bbox 903 1349 915 1370; x_wconf 91' lang='lat'>,</span> <span class='ocrx_word' id='word_1_160' title='bbox 949 1321 1024 1359; x_wconf 78' lang='lat' dir='ltr'><strong>imo</strong></span> <span class='ocrx_word' id='word_1_161' title='bbox 1048 1320 1266 1372; x_wconf 88' lang='lat' dir='ltr'><strong>principium</strong></span> <span class='ocrx_word' id='word_1_162' title='bbox 1280 1350 1290 1370; x_wconf 87' lang='lat'>‚</span> <span class='ocrx_word' id='word_1_163' title='bbox 1311 1333 1403 1361; x_wconf 87' lang='lat' dir='ltr'><strong>me-</strong></span> 
     </span>
    </p>
   </div>
   <div class='ocr_carea' id='block_1_6' title="bbox 139 1380 1410 2387">
    <p class='ocr_par' dir='ltr' id='par_1_9' title="bbox 142 1380 1410 1554">
     <span class='ocr_line' id='line_1_22' title="bbox 147 1380 1405 1435; baseline -0.002 -9"><span class='ocrx_word' id='word_1_164' title='bbox 147 1386 248 1426; x_wconf 89' lang='lat' dir='ltr'><strong>dium</strong></span> <span class='ocrx_word' id='word_1_165' title='bbox 268 1391 306 1425; x_wconf 90' lang='lat' dir='ltr'><strong>et</strong></span> <span class='ocrx_word' id='word_1_166' title='bbox 331 1385 427 1424; x_wconf 85' lang='lat' dir='ltr'><strong>finis.</strong></span> <span class='ocrx_word' id='word_1_167' title='bbox 452 1381 555 1423; x_wconf 87' lang='lat' dir='ltr'><strong>Illam</strong></span> <span class='ocrx_word' id='word_1_168' title='bbox 573 1383 673 1422; x_wconf 86' lang='lat' dir='ltr'><strong>enim</strong></span> <span class='ocrx_word' id='word_1_169' title='bbox 695 1383 774 1433; x_wconf 89' lang='lat' dir='ltr'><strong>ipse</strong></span> <span class='ocrx_word' id='word_1_170' title='bbox 791 1380 961 1433; x_wconf 88' lang='lat' dir='ltr'><strong>producit</strong></span> <span class='ocrx_word' id='word_1_171' title='bbox 992 1382 1031 1420; x_wconf 88' lang='lat' dir='ltr'><strong>in</strong></span> <span class='ocrx_word' id='word_1_172' title='bbox 1050 1381 1180 1427; x_wconf 89' lang='lat' dir='ltr'><strong>nobis;</strong></span> <span class='ocrx_word' id='word_1_173' title='bbox 1206 1380 1302 1420; x_wconf 86' lang='lat' dir='ltr'><strong>illam</strong></span> <span class='ocrx_word' id='word_1_174' title='bbox 1322 1382 1405 1435; x_wconf 45' lang='lat' dir='ltr'><strong>ipse,</strong></span> 
     </span>
     <span class='ocr_line' id='line_1_23' title="bbox 143 1444 1403 1499; baseline -0.003 -8"><span class='ocrx_word' id='word_1_175' title='bbox 143 1452 300 1491; x_wconf 88' lang='lat' dir='ltr'><strong>sustinet</strong></span> <span class='ocrx_word' id='word_1_176' title='bbox 318 1455 356 1490; x_wconf 90' lang='lat' dir='ltr'><strong>et</strong></span> <span class='ocrx_word' id='word_1_177' title='bbox 374 1453 592 1494; x_wconf 82' lang='lat' dir='ltr'><strong>conservat3</strong></span> <span class='ocrx_word' id='word_1_178' title='bbox 617 1446 715 1486; x_wconf 89' lang='lat' dir='ltr'><strong>illam</strong></span> <span class='ocrx_word' id='word_1_179' title='bbox 740 1447 820 1498; x_wconf 89' lang='lat' dir='ltr'><strong>ipse</strong></span> <span class='ocrx_word' id='word_1_180' title='bbox 841 1444 998 1499; x_wconf 85' lang='lat' dir='ltr'><strong>replebit</strong></span> <span class='ocrx_word' id='word_1_181' title='bbox 1020 1458 1085 1496; x_wconf 87' lang='lat' dir='ltr'><strong>per</strong></span> <span class='ocrx_word' id='word_1_182' title='bbox 1104 1444 1159 1485; x_wconf 74' lang='lat' dir='ltr'><strong>sui</strong></span> <span class='ocrx_word' id='word_1_183' title='bbox 1189 1444 1403 1487; x_wconf 85' lang='lat' dir='ltr'><strong>fruitionem</strong></span> 
     </span>
     <span class='ocr_line' id='line_1_24' title="bbox 142 1513 1410 1554; baseline -0.002 0"><span class='ocrx_word' id='word_1_184' title='bbox 142 1515 185 1554; x_wconf 86' lang='lat' dir='ltr'><strong>in</strong></span> <span class='ocrx_word' id='word_1_185' title='bbox 207 1513 325 1554; x_wconf 89' lang='lat' dir='ltr'><strong>coelis.</strong></span> <span class='ocrx_word' id='word_1_186' title='bbox 1404 1542 1410 1551; x_wconf 91' lang='lat'><em>.</em></span> 
     </span>
    </p>

    <p class='ocr_par' dir='ltr' id='par_1_10' title="bbox 139 1570 1404 2010">
     <span class='ocr_line' id='line_1_25' title="bbox 202 1570 1404 1625; baseline -0.002 -10"><span class='ocrx_word' id='word_1_187' title='bbox 202 1575 303 1614; x_wconf 83' lang='lat' dir='ltr'><strong>Deus</strong></span> <span class='ocrx_word' id='word_1_188' title='bbox 320 1574 437 1625; x_wconf 74' lang='lat' dir='ltr'><strong>igilur</strong></span> <span class='ocrx_word' id='word_1_189' title='bbox 447 1573 528 1624; x_wconf 77' lang='lat' dir='ltr'><strong>spei</strong></span> <span class='ocrx_word' id='word_1_190' title='bbox 539 1572 680 1623; x_wconf 77' lang='lat' dir='ltr'><strong>repleat</strong></span> <span class='ocrx_word' id='word_1_191' title='bbox 697 1585 764 1612; x_wconf 78' lang='grc' dir='ltr'><strong>νοε</strong></span> <span class='ocrx_word' id='word_1_192' title='bbox 784 1573 892 1610; x_wconf 83' lang='lat' dir='ltr'><strong>omni</strong></span> <span class='ocrx_word' id='word_1_193' title='bbox 903 1571 1043 1622; x_wconf 78' lang='lat' dir='ltr'><strong>gaudio</strong></span> <span class='ocrx_word' id='word_1_194' title='bbox 1054 1585 1070 1617; x_wconf 91' lang='lat'><strong>‚·</strong></span> <span class='ocrx_word' id='word_1_195' title='bbox 1096 1570 1134 1610; x_wconf 89' lang='lat' dir='ltr'><strong>id</strong></span> <span class='ocrx_word' id='word_1_196' title='bbox 1152 1577 1220 1619; x_wconf 87' lang='lat' dir='ltr'><strong>est,</strong></span> <span class='ocrx_word' id='word_1_197' title='bbox 1243 1571 1354 1624; x_wconf 84' lang='lat' dir='ltr'><strong>pleno</strong></span> <span class='ocrx_word' id='word_1_198' title='bbox 1365 1578 1404 1613; x_wconf 85' lang='lat' dir='ltr'><strong>et</strong></span> 
     </span>
     <span class='ocr_line' id='line_1_26' title="bbox 143 1631 1403 1690; baseline -0.002 -11"><span class='ocrx_word' id='word_1_199' title='bbox 143 1638 246 1679; x_wconf 80' lang='lat' dir='ltr'><strong>totali</strong></span> <span class='ocrx_word' id='word_1_200' title='bbox 267 1636 400 1690; x_wconf 82' lang='lat' dir='ltr'><strong>gaudio</strong></span> <span class='ocrx_word' id='word_1_201' title='bbox 416 1636 603 1689; x_wconf 83' lang='lat' dir='ltr'><strong>spirituali.</strong></span> <span class='ocrx_word' id='word_1_202' title='bbox 629 1636 680 1675; x_wconf 83' lang='lat' dir='ltr'><strong>Et</strong></span> <span class='ocrx_word' id='word_1_203' title='bbox 691 1649 788 1686; x_wconf 76' lang='lat' dir='ltr'><strong>pace</strong></span> <span class='ocrx_word' id='word_1_204' title='bbox 816 1636 856 1674; x_wconf 86' lang='lat' dir='ltr'><strong>in</strong></span> <span class='ocrx_word' id='word_1_205' title='bbox 880 1634 1070 1673; x_wconf 83' lang='lat' dir='ltr'><strong>credendo.</strong></span> <span class='ocrx_word' id='word_1_206' title='bbox 1091 1631 1158 1674; x_wconf 89' lang='lat' dir='ltr'><strong>Gr.</strong></span> <span class='ocrx_word' id='word_1_207' title='bbox 1180 1636 1218 1674; x_wconf 91' lang='lat' dir='ltr'><strong>in</strong></span> <span class='ocrx_word' id='word_1_208' title='bbox 1239 1634 1403 1676; x_wconf 88' lang='lat' dir='ltr'><strong>credere.</strong></span> 
     </span>
     <span class='ocr_line' id='line_1_27' title="bbox 141 1694 1402 1754; baseline -0.002 -14"><span class='ocrx_word' id='word_1_209' title='bbox 141 1697 230 1754; x_wconf 88' lang='lat' dir='ltr'><strong>Syr.</strong></span> <span class='ocrx_word' id='word_1_210' title='bbox 265 1711 332 1753; x_wconf 88' lang='lat' dir='ltr'><strong>per</strong></span> <span class='ocrx_word' id='word_1_211' title='bbox 351 1698 486 1748; x_wconf 76' lang='lat' dir='ltr'><strong>sidem,</strong></span> <span class='ocrx_word' id='word_1_212' title='bbox 514 1697 552 1737; x_wconf 89' lang='lat' dir='ltr'><strong>id</strong></span> <span class='ocrx_word' id='word_1_213' title='bbox 582 1703 661 1745; x_wconf 87' lang='lat' dir='ltr'><strong>est,</strong></span> <span class='ocrx_word' id='word_1_214' title='bbox 701 1701 740 1737; x_wconf 89' lang='lat' dir='ltr'><strong>et</strong></span> <span class='ocrx_word' id='word_1_215' title='bbox 760 1694 957 1737; x_wconf 62' lang='lat' dir='ltr'><strong>concordia</strong></span> <span class='ocrx_word' id='word_1_216' title='bbox 990 1698 1028 1736; x_wconf 91' lang='lat' dir='ltr'><strong>in</strong></span> <span class='ocrx_word' id='word_1_217' title='bbox 1060 1696 1192 1737; x_wconf 86' lang='lat' dir='ltr'><strong>eadem</strong></span> <span class='ocrx_word' id='word_1_218' title='bbox 1213 1696 1314 1743; x_wconf 81' lang='lat' dir='ltr'><strong>fide;</strong></span> <span class='ocrx_word' id='word_1_219' title='bbox 1337 1710 1402 1749; x_wconf 84' lang='lat' dir='ltr'><strong>per</strong></span> 
     </span>
     <span class='ocr_line' id='line_1_28' title="bbox 142 1762 1397 1818; baseline -0.003 -13"><span class='ocrx_word' id='word_1_220' title='bbox 142 1779 253 1818; x_wconf 88' lang='lat' dir='ltr'><strong>quam</strong></span> <span class='ocrx_word' id='word_1_221' title='bbox 280 1765 402 1804; x_wconf 88' lang='lat' dir='ltr'><strong>omnis</strong></span> <span class='ocrx_word' id='word_1_222' title='bbox 419 1765 513 1804; x_wconf 87' lang='lat' dir='ltr'><strong>inter</strong></span> <span class='ocrx_word' id='word_1_223' title='bbox 531 1777 599 1803; x_wconf 88' lang='lat' dir='ltr'><strong>vos</strong></span> <span class='ocrx_word' id='word_1_224' title='bbox 614 1764 863 1815; x_wconf 76' lang='lat' dir='ltr'><strong>exstinguatur</strong></span> <span class='ocrx_word' id='word_1_225' title='bbox 881 1762 1061 1802; x_wconf 89' lang='lat' dir='ltr'><strong>dissensio</strong></span> <span class='ocrx_word' id='word_1_226' title='bbox 1077 1792 1089 1813; x_wconf 88' lang='lat'>‚</span> <span class='ocrx_word' id='word_1_227' title='bbox 1114 1768 1155 1801; x_wconf 81' lang='lat' dir='ltr'><strong>ut</strong></span> <span class='ocrx_word' id='word_1_228' title='bbox 1174 1763 1372 1802; x_wconf 78' lang='lat' dir='ltr'><strong>abundetis</strong></span> <span class='ocrx_word' id='word_1_229' title='bbox 1386 1790 1397 1811; x_wconf 88' lang='lat'>‚</span> 
     </span>
     <span class='ocr_line' id='line_1_29' title="bbox 140 1823 1402 1879; baseline -0.002 -11"><span class='ocrx_word' id='word_1_230' title='bbox 140 1828 182 1868; x_wconf 87' lang='lat' dir='ltr'><strong>id</strong></span> <span class='ocrx_word' id='word_1_231' title='bbox 202 1835 279 1879; x_wconf 86' lang='lat' dir='ltr'><strong>est,</strong></span> <span class='ocrx_word' id='word_1_232' title='bbox 299 1834 338 1868; x_wconf 87' lang='lat' dir='ltr'><strong>ut</strong></span> <span class='ocrx_word' id='word_1_233' title='bbox 364 1827 462 1877; x_wconf 78' lang='lat' dir='ltr'><strong>laeti,</strong></span> <span class='ocrx_word' id='word_1_234' title='bbox 484 1825 615 1867; x_wconf 80' lang='lat' dir='ltr'><strong>hilares</strong></span> <span class='ocrx_word' id='word_1_235' title='bbox 631 1856 643 1877; x_wconf 92' lang='lat'>‚</span> <span class='ocrx_word' id='word_1_236' title='bbox 665 1823 862 1866; x_wconf 81' lang='lat' dir='ltr'><strong>abundetis</strong></span> <span class='ocrx_word' id='word_1_237' title='bbox 892 1827 932 1864; x_wconf 89' lang='lat' dir='ltr'><strong>in</strong></span> <span class='ocrx_word' id='word_1_238' title='bbox 959 1839 1023 1877; x_wconf 84' lang='lat' dir='ltr'><strong>spe</strong></span> <span class='ocrx_word' id='word_1_239' title='bbox 1039 1839 1053 1861; x_wconf 78' lang='lat'><strong>.-</strong></span> <span class='ocrx_word' id='word_1_240' title='bbox 1077 1826 1124 1865; x_wconf 79' lang='lat' dir='ltr'><strong>ita</strong></span> <span class='ocrx_word' id='word_1_241' title='bbox 1157 1830 1195 1864; x_wconf 90' lang='lat' dir='ltr'><strong>ut</strong></span> <span class='ocrx_word' id='word_1_242' title='bbox 1221 1826 1334 1878; x_wconf 84' lang='lat' dir='ltr'><strong>magis</strong></span> <span class='ocrx_word' id='word_1_243' title='bbox 1359 1837 1402 1865; x_wconf 90' lang='lat' dir='ltr'><strong>ac</strong></span> 
     </span>
     <span class='ocr_line' id='line_1_30' title="bbox 139 1883 1400 1943; baseline -0.004 -12"><span class='ocrx_word' id='word_1_244' title='bbox 139 1892 257 1943; x_wconf 86' lang='lat' dir='ltr'><strong>magis</strong></span> <span class='ocrx_word' id='word_1_245' title='bbox 276 1896 414 1930; x_wconf 85' lang='lat' dir='ltr'><strong>crescat</strong></span> <span class='ocrx_word' id='word_1_246' title='bbox 431 1891 468 1930; x_wconf 91' lang='lat' dir='ltr'><strong>in</strong></span> <span class='ocrx_word' id='word_1_247' title='bbox 485 1889 592 1928; x_wconf 90' lang='lat' dir='ltr'><strong>vobis</strong></span> <span class='ocrx_word' id='word_1_248' title='bbox 610 1902 675 1941; x_wconf 88' lang='lat' dir='ltr'><strong>per</strong></span> <span class='ocrx_word' id='word_1_249' title='bbox 699 1889 900 1940; x_wconf 86' lang='lat' dir='ltr'><strong>potentiam</strong></span> <span class='ocrx_word' id='word_1_250' title='bbox 916 1883 1071 1940; x_wconf 69' lang='lat' dir='ltr'><strong>Spiritus</strong></span> <span class='ocrx_word' id='word_1_251' title='bbox 1089 1886 1223 1936; x_wconf 86' lang='lat' dir='ltr'><strong>sancti,</strong></span> <span class='ocrx_word' id='word_1_252' title='bbox 1246 1885 1283 1926; x_wconf 91' lang='lat' dir='ltr'><strong>id</strong></span> <span class='ocrx_word' id='word_1_253' title='bbox 1309 1890 1367 1926; x_wconf 83' lang='lat' dir='ltr'><strong>est</strong></span> <span class='ocrx_word' id='word_1_254' title='bbox 1386 1914 1400 1938; x_wconf 86' lang='lat'>‚</span> 
     </span>
     <span class='ocr_line' id='line_1_31' title="bbox 140 1951 1129 2010; baseline -0.006 -14"><span class='ocrx_word' id='word_1_255' title='bbox 140 1969 209 2010; x_wconf 85' lang='lat' dir='ltr'><strong>per</strong></span> <span class='ocrx_word' id='word_1_256' title='bbox 229 1956 431 2009; x_wconf 85' lang='lat' dir='ltr'><strong>potentiam</strong></span> <span class='ocrx_word' id='word_1_257' title='bbox 449 1957 469 1994; x_wconf 75' lang='lat' dir='ltr'><strong>a</strong></span> <span class='ocrx_word' id='word_1_258' title='bbox 489 1951 644 2006; x_wconf 75' lang='lat' dir='ltr'><strong>Spiritus</strong></span> <span class='ocrx_word' id='word_1_259' title='bbox 662 1955 776 1993; x_wconf 81' lang='lat' dir='ltr'><strong>sancti</strong></span> <span class='ocrx_word' id='word_1_260' title='bbox 795 1953 907 2006; x_wconf 86' lang='lat' dir='ltr'><strong>gratia</strong></span> <span class='ocrx_word' id='word_1_261' title='bbox 928 1957 1129 2004; x_wconf 80' lang='lat' dir='ltr'><strong>acceptam.</strong></span> 
     </span>
    </p>

    <p class='ocr_par' dir='ltr' id='par_1_11' title="bbox 140 2011 1401 2323">
     <span class='ocr_line' id='line_1_32' title="bbox 197 2011 1401 2067; baseline -0.006 -9"><span class='ocrx_word' id='word_1_262' title='bbox 197 2017 250 2058; x_wconf 74' lang='lat' dir='ltr'><strong>Et</strong></span> <span class='ocrx_word' id='word_1_263' title='bbox 263 2020 413 2058; x_wconf 76' lang='lat' dir='ltr'><strong>virtute.</strong></span> <span class='ocrx_word' id='word_1_264' title='bbox 431 2013 500 2057; x_wconf 88' lang='lat' dir='ltr'><strong>Gr.</strong></span> <span class='ocrx_word' id='word_1_265' title='bbox 529 2018 568 2055; x_wconf 91' lang='lat' dir='ltr'><strong>in</strong></span> <span class='ocrx_word' id='word_1_266' title='bbox 591 2017 739 2055; x_wconf 76' lang='lat' dir='ltr'><strong>virtute,</strong></span> <span class='ocrx_word' id='word_1_267' title='bbox 767 2011 854 2067; x_wconf 87' lang='lat' dir='ltr'><strong>Syr.</strong></span> <span class='ocrx_word' id='word_1_268' title='bbox 872 2027 938 2067; x_wconf 89' lang='lat' dir='ltr'><strong>per</strong></span> <span class='ocrx_word' id='word_1_269' title='bbox 955 2014 1151 2060; x_wconf 88' lang='lat' dir='ltr'><strong>virtutem,</strong></span> <span class='ocrx_word' id='word_1_270' title='bbox 1173 2011 1211 2052; x_wconf 88' lang='lat' dir='ltr'><strong>id</strong></span> <span class='ocrx_word' id='word_1_271' title='bbox 1229 2018 1305 2060; x_wconf 78' lang='lat' dir='ltr'><strong>est,</strong></span> <span class='ocrx_word' id='word_1_272' title='bbox 1327 2024 1401 2065; x_wconf 84' lang='lat' dir='ltr'><strong>ope</strong></span> 
     </span>
     <span class='ocr_line' id='line_1_33' title="bbox 140 2074 1399 2138; baseline -0.006 -13"><span class='ocrx_word' id='word_1_273' title='bbox 140 2082 299 2138; x_wconf 71' lang='lat' dir='ltr'><strong>Spiritus</strong></span> <span class='ocrx_word' id='word_1_274' title='bbox 314 2085 429 2124; x_wconf 90' lang='lat' dir='ltr'><strong>sancti</strong></span> <span class='ocrx_word' id='word_1_275' title='bbox 440 2112 450 2132; x_wconf 91' lang='lat'>‚</span> <span class='ocrx_word' id='word_1_276' title='bbox 472 2095 534 2123; x_wconf 87' lang='lat' dir='ltr'><strong>seu</strong></span> <span class='ocrx_word' id='word_1_277' title='bbox 548 2094 619 2133; x_wconf 84' lang='lat' dir='ltr'><strong>per</strong></span> <span class='ocrx_word' id='word_1_278' title='bbox 633 2082 834 2135; x_wconf 86' lang='lat' dir='ltr'><strong>potentiam</strong></span> <span class='ocrx_word' id='word_1_279' title='bbox 845 2108 856 2128; x_wconf 89' lang='lat'><strong>‚</strong></span> <span class='ocrx_word' id='word_1_280' title='bbox 881 2085 954 2120; x_wconf 87' lang='lat' dir='ltr'><strong>etc.</strong></span> <span class='ocrx_word' id='word_1_281' title='bbox 971 2085 1010 2119; x_wconf 92' lang='lat' dir='ltr'><strong>ut</strong></span> <span class='ocrx_word' id='word_1_282' title='bbox 1034 2079 1171 2119; x_wconf 90' lang='lat' dir='ltr'><strong>dictum</strong></span> <span class='ocrx_word' id='word_1_283' title='bbox 1186 2083 1254 2118; x_wconf 87' lang='lat' dir='ltr'><strong>est.</strong></span> <span class='ocrx_word' id='word_1_284' title='bbox 1273 2074 1399 2131; x_wconf 87' lang='lat' dir='ltr'><strong>Aliqui</strong></span> 
     </span>
     <span class='ocr_line' id='line_1_34' title="bbox 140 2138 1399 2199; baseline -0.004 -13"><span class='ocrx_word' id='word_1_285' title='bbox 140 2151 267 2186; x_wconf 72' lang='lat' dir='ltr'><strong>tamen</strong></span> <span class='ocrx_word' id='word_1_286' title='bbox 289 2146 570 2199; x_wconf 87' lang='lat' dir='ltr'><strong>interpretantur</strong></span> <span class='ocrx_word' id='word_1_287' title='bbox 597 2150 635 2185; x_wconf 88' lang='lat' dir='ltr'><strong>et</strong></span> <span class='ocrx_word' id='word_1_288' title='bbox 664 2146 797 2185; x_wconf 87' lang='lat' dir='ltr'><strong>virtute</strong></span> <span class='ocrx_word' id='word_1_289' title='bbox 826 2138 981 2195; x_wconf 71' lang='lat' dir='ltr'><strong>Spiritus</strong></span> <span class='ocrx_word' id='word_1_290' title='bbox 1003 2141 1116 2182; x_wconf 85' lang='lat' dir='ltr'><strong>sancti</strong></span> <span class='ocrx_word' id='word_1_291' title='bbox 1135 2170 1146 2189; x_wconf 80' lang='lat'>‚</span> <span class='ocrx_word' id='word_1_292' title='bbox 1177 2140 1215 2180; x_wconf 92' lang='lat' dir='ltr'><strong>id</strong></span> <span class='ocrx_word' id='word_1_293' title='bbox 1249 2146 1328 2191; x_wconf 88' lang='lat' dir='ltr'><strong>est,</strong></span> <span class='ocrx_word' id='word_1_294' title='bbox 1357 2141 1399 2182; x_wconf 83' lang='lat' dir='ltr'><strong>in</strong></span> 
     </span>
     <span class='ocr_line' id='line_1_35' title="bbox 141 2199 1398 2260; baseline -0.004 -12"><span class='ocrx_word' id='word_1_295' title='bbox 141 2208 316 2250; x_wconf 87' lang='lat' dir='ltr'><strong>charitate</strong></span> <span class='ocrx_word' id='word_1_296' title='bbox 331 2236 341 2256; x_wconf 83' lang='lat'>‚</span> <span class='ocrx_word' id='word_1_297' title='bbox 377 2221 458 2260; x_wconf 80' lang='lat' dir='ltr'><strong>quae</strong></span> <span class='ocrx_word' id='word_1_298' title='bbox 477 2212 533 2247; x_wconf 91' lang='lat' dir='ltr'><strong>est</strong></span> <span class='ocrx_word' id='word_1_299' title='bbox 564 2206 679 2246; x_wconf 84' lang='lat' dir='ltr'><strong>virtus</strong></span> <span class='ocrx_word' id='word_1_300' title='bbox 704 2201 862 2258; x_wconf 73' lang='lat' dir='ltr'><strong>Spiritus</strong></span> <span class='ocrx_word' id='word_1_301' title='bbox 887 2204 1016 2245; x_wconf 90' lang='lat' dir='ltr'><strong>sancti.</strong></span> <span class='ocrx_word' id='word_1_302' title='bbox 1040 2201 1094 2244; x_wconf 84' lang='lat' dir='ltr'><strong>lta</strong></span> <span class='ocrx_word' id='word_1_303' title='bbox 1115 2209 1155 2244; x_wconf 88' lang='lat' dir='ltr'><strong>ut</strong></span> <span class='ocrx_word' id='word_1_304' title='bbox 1183 2199 1235 2243; x_wconf 86' lang='lat' dir='ltr'><strong>D.</strong></span> <span class='ocrx_word' id='word_1_305' title='bbox 1262 2199 1398 2243; x_wconf 73' lang='lat' dir='ltr'><strong>Paulus</strong></span> 
     </span>
     <span class='ocr_line' id='line_1_36' title="bbox 143 2268 1027 2323; baseline -0.003 -11"><span class='ocrx_word' id='word_1_306' title='bbox 143 2271 258 2312; x_wconf 85' lang='lat' dir='ltr'><strong>fidem</strong></span> <span class='ocrx_word' id='word_1_307' title='bbox 273 2297 286 2319; x_wconf 94' lang='lat'>‚</span> <span class='ocrx_word' id='word_1_308' title='bbox 310 2283 414 2323; x_wconf 89' lang='lat' dir='ltr'><strong>spem</strong></span> <span class='ocrx_word' id='word_1_309' title='bbox 432 2275 468 2309; x_wconf 92' lang='lat' dir='ltr'><strong>et</strong></span> <span class='ocrx_word' id='word_1_310' title='bbox 488 2268 699 2309; x_wconf 83' lang='lat' dir='ltr'><strong>charitatem</strong></span> <span class='ocrx_word' id='word_1_311' title='bbox 716 2268 783 2309; x_wconf 84' lang='lat' dir='ltr'><strong>illis</strong></span> <span class='ocrx_word' id='word_1_312' title='bbox 799 2273 1027 2322; x_wconf 81' lang='lat' dir='ltr'><strong>apprecetur.</strong></span> 
     </span>
    </p>

    <p class='ocr_par' dir='ltr' id='par_1_12' title="bbox 198 2326 1396 2387">
     <span class='ocr_line' id='line_1_37' title="bbox 198 2326 1396 2387; baseline -0.005 -8"><span class='ocrx_word' id='word_1_313' title='bbox 198 2328 246 2379; x_wconf 54' lang='lat' dir='ltr'><strong>fi.</strong></span> <span class='ocrx_word' id='word_1_314' title='bbox 274 2334 337 2387; x_wconf 70' lang='lat'><strong>¹4·</strong></span> <span class='ocrx_word' id='word_1_315' title='bbox 356 2328 486 2375; x_wconf 76' lang='lat' dir='ltr'><strong>Certus</strong></span> <span class='ocrx_word' id='word_1_316' title='bbox 501 2348 584 2375; x_wconf 78' lang='lat' dir='ltr'><strong>sum</strong></span> <span class='ocrx_word' id='word_1_317' title='bbox 606 2340 733 2375; x_wconf 75' lang='lat' dir='ltr'><strong>autem</strong></span> <span class='ocrx_word' id='word_1_318' title='bbox 751 2362 763 2387; x_wconf 90' lang='lat'>,</span> <span class='ocrx_word' id='word_1_319' title='bbox 775 2331 917 2384; x_wconf 75' lang='lat' dir='ltr'><strong>fratres</strong></span> <span class='ocrx_word' id='word_1_320' title='bbox 936 2333 1053 2374; x_wconf 77' lang='lat' dir='ltr'><strong>mei...</strong></span> <span class='ocrx_word' id='word_1_321' title='bbox 1069 2326 1289 2386; x_wconf 63' lang='lat' dir='ltr'><strong>Apostolicd</strong></span> <span class='ocrx_word' id='word_1_322' title='bbox 1306 2342 1396 2373; x_wconf 82' lang='lat' dir='ltr'><strong>mo·-</strong></span> 
     </span>
    </p>
   </div>
  </div>
 </body>
</html>
