1410 2554
120 66 143 104 '1
154 78 206 106 22
509 77 717 118 emsa-om
730 79 790 110 An
802 79 1004 118 nomnos

117 132 275 180 licet,in
298 148 371 188 quo
385 138 611 188 resurgimus
629 142 650 180 a
668 146 788 182 morte
807 144 947 194 peccati
969 145 1008 184 in
1025 140 1176 187 Adamo
1187 149 1387 201 contracta,

123 198 172 239 ad
190 200 303 238 vitam
318 201 461 251 gratiae,
476 202 624 252 justitiae
644 210 681 243 et
691 203 835 256 gloriae.

179 251 226 300 Ῡ.
248 275 310 316 ¹9·
334 261 443 300 Sicut
466 263 566 302 enim
581 279 652 316 per
666 266 971 308 inobedientiam.
1003 266 1101 319 Quia
1126 269 1206 312 haec
1225 273 1390 316 doctrina

122 324 249 375 magni
280 325 461 363 momenti
494 326 575 375 est,
605 333 643 367 et
677 330 778 382 quasi
804 327 1022 371 Christiana:
1046 331 1222 374 doctrinae
1251 321 1387 390 capii&

121 383 213 424 hinc
229 398 313 424 eam
328 383 406 424 aliis
425 387 550 427 verbis
571 391 715 442 repetit.
741 391 886 432 Multos
911 392 974 433 hle
994 393 1142 444 dicens,
1173 410 1266 451 quos
1283 406 1390 442 antea

125 450 221 491 dixit
239 480 251 501 ,
273 461 400 489 omnes
413 465 429 498 ‚·
446 459 482 492 et
502 467 665 506 praesens
684 455 867 506 durabile,
888 460 1100 511 exprimens
1121 475 1188 513 per
1213 462 1389 507 futurum.

127 513 421 563 constituentur,
444 516 492 556 ab
510 516 597 558 hinc
611 519 751 560 scilicet
766 535 881 573 usque
901 521 947 561 ad
963 522 1076 563 finem
1099 525 1240 567 mundi.
1304 531 1307 537 '

180 576 243 620 Ex
257 578 331 620 hoc
346 575 399 627 Ῡ.
421 581 595 634 colligitur
611 584 711 635 quod
724 581 823 625 Adoe
840 593 1030 639 peccatum
1046 587 1153 629 suerit
1170 587 1390 634 inobedien-

123 637 292 682 tim-Nec
308 643 428 682 obstat
445 643 546 696 quod
574 644 712 686 dicatur
735 643 879 687 Eccles.
908 662 968 688 10.
993 648 1054 688 15.
1085 650 1234 690 initium
1269 653 1392 692 omnis

121 707 275 760 peccati
291 708 491 760 superbia:
515 711 598 762 quia
613 739 624 759 ,
663 718 702 751 ut
742 712 880 753 ibidem
911 713 1064 760 dicitur,
1089 716 1239 755 initium
1263 732 1410 769 super--

125 772 200 811 ὀίω
218 772 385 812 hominis
407 781 623 826 apostatare
641 777 667 814 ὰ
687 777 768 815 Dea
782 791 797 822 ‚·
816 778 850 817 id
867 784 946 826 est,
969 781 1082 831 prima
1106 794 1188 832 pars
1205 778 1392 835 superbiae

125 836 292 876 consistit
308 837 348 875 in
367 849 413 875 eo
425 864 436 883 ‚
465 834 570 888 quod
587 835 702 877 homo
720 837 812 878 nolit
837 834 931 878 Deo
959 829 1111 889 subjici,
1129 843 1281 893 ejusque
1296 855 1393 894 prae-

126 905 234 952 cepta
252 911 418 938 servare.

180 962 317 1018 Itaque
336 961 433 1004 Adae
469 971 661 1016 peccatum
692 964 758 1004 suit
789 965 1066 1013 inobedientia,
1091 980 1169 1006 non
1190 968 1396 1009 secundum

126 1031 250 1066 actum
267 1026 492 1067 exteriorem
505 1054 516 1070 .
535 1031 574 1065 ut
594 1027 642 1065 ait
660 1025 722 1065 hlc
736 1023 790 1066 D,
813 1020 857 1064 T
861 1025 962 1065 hom.
981 1025 1047 1066 sed
1070 1025 1274 1066 secundum
1292 1029 1397 1068 inte-

124 1093 266 1132 riorem
284 1098 427 1132 motum
446 1091 628 1144 superbia!
642 1120 654 1140 ,
679 1105 753 1143 quo
782 1090 896 1130 voluit
913 1098 1098 1143 praecepto
1122 1091 1251 1131 divino
1272 1099 1398 1134 contra

127 1164 194 1193 rre-

186 1212 291 1254 Hinc
307 1214 472 1265 sequitur
494 1212 594 1266 quod
619 1213 871 1253 inobedientia
888 1215 934 1254 sit
955 1220 1147 1266 peccatum
1167 1215 1399 1267 universale,

130 1287 171 1323 et
187 1282 224 1320 in
244 1279 418 1319 omnibus
432 1279 592 1329 peccatis
606 1280 818 1329 reperiatur.

183 1338 247 1381 Ex
267 1339 402 1380 eodem
420 1334 464 1385 79.
483 1338 660 1390 colligitur
677 1338 777 1392 quod
796 1340 833 1378 in
852 1335 998 1379 Christo
1018 1352 1105 1378 vera
1126 1337 1191 1380 suit
1213 1341 1402 1382 obedien-

131 1406 182 1445 tia
199 1434 210 1453 ,
239 1402 309 1457 qua
331 1416 373 1442 se
393 1399 514 1442 Patris
537 1403 616 1450 sui,
645 1408 684 1441 ut
711 1403 928 1452 superioris,
954 1410 1142 1454 praecepto
1161 1404 1340 1455 subjecit:
1359 1418 1403 1445 ac

138 1471 410 1518 consequenter
437 1464 561 1504 datum
593 1463 659 1504 suit
686 1464 734 1504 illi
763 1467 783 1503 a
804 1462 916 1504 Patre
944 1463 1127 1504 moriendi
1147 1472 1400 1518 praeceptum;

132 1530 344 1584 factusque
361 1535 416 1568 est
430 1528 602 1567 obediens
621 1536 733 1580 usque
753 1527 808 1566 ad
817 1534 986 1566 mortam.

197 1593 283 1635 Nec
303 1594 423 1632 obstat
448 1592 548 1644 quud
571 1592 709 1631 dicatur
737 1598 901 1630 mortuus
934 1604 982 1630 ex
1017 1589 1213 1638 charitate,
1240 1591 1350 1643 quia,
1366 1594 1406 1630 ut

141 1661 191 1700 ait
214 1658 313 1698 idem
330 1654 369 1696 S.
385 1653 555 1696 Thomas
572 1683 583 1702 ,
605 1653 678 1693 hoc
697 1656 816 1706 ipsum
833 1652 931 1699 quod
949 1652 1143 1698 obedivit,
1167 1653 1344 1705 processit
1356 1665 1405 1693 ex

146 1721 366 1766 dilectione,
394 1731 501 1769 quam
518 1715 643 1756 habuit
661 1715 705 1755 ad
729 1713 877 1755 Patrem
896 1721 931 1754 et
948 1713 994 1754 ad
1008 1726 1088 1752 nos.

205 1779 433 1822 Obedientia
455 1776 593 1818 Christi
621 1776 685 1817 suit
708 1783 904 1830 perpetua,
922 1782 957 1815 et
976 1789 1040 1828 per
1060 1788 1170 1815 omne
1191 1776 1277 1816 vitae
1299 1781 1408 1817 tem-

149 1858 242 1899 pus;
276 1842 364 1883 hinc
379 1843 416 1881 in
436 1840 606 1894 singulari
625 1853 780 1880 numero
803 1839 1033 1890 exprimitur.

419 1957 523 1986 munt
530 1958 554 1985 Α
582 1955 683 1985 0Βὸῐί
691 1954 850 1984 RVA'rlo
880 1951 1083 1982 nocuum&
1091 1950 1163 1980 us.

212 2040 483 2085 Animadverte
502 2038 690 2091 quomodo
713 2034 940 2076 Catholicam
957 2034 1069 2074 sulem
1088 2031 1135 2071 de
1163 2034 1313 2082 peccato
1332 2029 1410 2069 ori-

157 2103 292 2159 ginali,
312 2103 358 2143 ab
389 2100 562 2140 ommbus
589 2098 804 2139 hominibus
836 2099 944 2137 etiam
974 2092 1172 2136 infantibus
1199 2095 1410 2140 contracto,

162 2172 212 2210 ita
241 2166 394 2207 stabiliat
422 2161 625 2217 Apostolus
644 2192 655 2213 ,
692 2168 786 2203 utet
814 2161 938 2202 omnia
975 2158 1231 2199 haeieticorum
1269 2154 1410 2194 subter-

161 2232 260 2284 fugia
280 2228 460 2270 occludat.

223 2293 296 2334 Per
312 2306 427 2333 unum
446 2291 661 2338 hominem:
675 2284 881 2335 Adamana,
894 2286 1059 2326 omnium
1075 2283 1269 2325 hominum
1279 2285 1410 2334 putten

162 2363 201 2399 et
218 2360 339 2410 caput.
