1410 2554
321 77 497 110 ‘raim
512 77 747 109 nivosi-rio.
775 65 1022 118 szlll.
1222 68 1297 123 ¹93

40 136 420 185 etlmaximutnhonor
435 134 645 179 Christiano
666 140 878 184 concessus,
899 143 939 177 et
963 138 1025 189 qui
1045 144 1132 178 ante
1158 136 1298 180 Christi

41 199 244 249 adventum
259 212 338 245 non
353 198 639 243 fuithominibus
652 211 868 239 concessus:
882 200 953 241 etsi
963 200 1062 240 enim
1072 200 1155 249 justi
1165 199 1298 241 suerint

42 262 152 302 etiam
168 268 253 302 tunc
271 261 334 302 filii
355 257 457 307 Dei;
480 262 547 301 etsi
562 255 710 309 Deum,
729 267 767 300 ut
784 267 920 312 patrem
938 275 1044 300 suum
1057 267 1296 314 agnoverint:

42 323 161 372 nullus
198 331 323 369 tamen
341 331 426 366 aute
454 321 592 366 Christi
626 331 852 376 praecepturn
876 323 945 365 hac
965 324 1119 365 formul&
1151 329 1295 377 oravit;

43 385 174 433 Abba,
195 385 330 432 Pater..-
345 385 519 427 dixerunt
529 397 569 424 se
580 383 673 425 filios
690 386 832 424 ratione
843 387 1052 436 creationis,
1063 381 1151 427 lsai.
1173 388 1242 439 64.
1258 390 1299 432 8.

43 445 205 490 Ratione
222 446 479 500 providentiae,
499 443 586 499 Sap.
607 447 670 496 ¹4·
681 445 720 487 3.
736 461 814 488 non
831 450 974 489 ratione
989 450 1210 503 adoptionis.

99 504 197 549 Vide
213 513 250 548 tu
264 538 275 557 ,
296 514 337 549 ut
348 508 486 549 eodem
505 521 579 560 quo
597 504 765 549 Christus
784 511 911 562 spiritu
930 511 1042 561 dieas,
1055 512 1150 554 filiali
1163 514 1302 556 scilicet

40 583 194 621 amore;
226 570 356 615 frustra
387 573 489 613 enirn
520 570 728 620 clamamus,
749 573 888 622 Abba,
916 572 1046 625 Pater,
1069 578 1140 617 nisi
1167 578 1301 620 clamet

41 644 157 674 amor.
171 629 266 674 Vide
285 629 357 686 Ep.
380 632 428 673 ad
447 630 530 674 Gal.
545 646 624 686 (Ἃρ.
647 632 687 682 4.
709 629 763 682 7.
781 631 820 674 6.

97 687 143 736 f.
177 692 239 734 16.
266 694 355 747 Ipse
382 695 483 734 em'm
513 695 676 747 Spiritus
702 695 957 737 testimouium
993 699 1136 739 reddit.
1155 731 1190 743 ..
1206 699 1300 744 sGr.

43 763 278 805 contestatur,
293 772 357 799 seu
372 758 670 808 contestificatur,
689 759 728 799 id
744 766 812 810 est,
834 769 870 800 et
889 759 1045 814 ipsemet
1064 764 1288 819 Spa·r1·1us,in

40 834 112 874 quo
129 827 165 863 et
181 835 247 876 per
277 836 391 875 quem
418 824 646 872 clamamus,
671 822 744 863 hoc
761 823 893 865 affectu
924 826 1041 876 filiali,
1062 841 1134 882 quo
1161 834 1230 870 no's
1250 830 1299 871 ad

40 883 150 929 talem
168 883 365 926 clamorem
385 887 534 934 excitat,
551 885 848 936 contestificatur,
859 898 926 927 seu
943 888 1051 928 simul
1067 902 1149 928 cum
1171 892 1299 942 spiritu

39 954 167 991 nostro
187 954 335 989 testatur
349 963 418 988 nos
437 963 519 989 esse
540 948 633 988 filios
655 946 744 990 Dei.
762 947 982 1003 Suffragatur
997 954 1136 1005 spiritui
1153 959 1297 1003 nostro,

38 1011 88 1050 ait
107 1007 222 1063 Syrus
235 1041 247 1062 ‚
268 1025 337 1051 nos
356 1025 438 1052 esse
456 1011 549 1052 {ilios
576 1007 667 1052 Dei.

44 1104 50 1110 .
92 1070 179 1125 lpse
199 1087 286 1125 ergo
306 1072 457 1114 assectus
474 1074 588 1114 filialis
606 1103 616 1123 ‚
642 1087 708 1114 seu
740 1073 876 1115 clamor
890 1075 1008 1115 cordis
1031 1078 1165 1127 nostri,
1191 1084 1299 1131 prout

39 1141 96 1175 est
113 1138 135 1174 a
159 1132 295 1188 Spiritu
312 1143 454 1184 sancto,
490 1138 759 1183 testimonium,
781 1136 991 1189 suffragium
1012 1145 1087 1186 est,
1111 1152 1184 1191 quo
1211 1137 1299 1191 Spi-

38 1198 125 1238 ritus
155 1206 302 1239 sanctus
321 1206 486 1247 testatur,
503 1200 713 1248 subscribit,
728 1200 917 1240 confirmat
936 1207 1102 1240 nostram
1128 1202 1293 1243 divinam

34 1259 260 1303 filiationem.

84 1318 174 1363 Dici
191 1330 310 1377 potest
329 1323 429 1377 quod
445 1330 481 1363 et
500 1326 578 1376 ipse
601 1321 758 1376 Spiritus
772 1328 916 1364 sanctus
936 1324 1045 1363 nobis
1063 1327 1083 1364 a
1105 1323 1187 1365 Deo
1219 1326 1293 1366 da-

37 1389 112 1433 tus,
131 1385 382 1424 testimonium
399 1387 445 1424 sit
458 1399 528 1424 nos
547 1398 629 1424 esse
649 1384 743 1426 filios
756 1381 852 1431 Dei;
871 1387 955 1436 quia
974 1387 1052 1437 ipse
1073 1393 1126 1425 est
1143 1385 1295 1439 Spiritus

37 1443 122 1492 fitii;
143 1450 180 1484 et
195 1441 300 1489 Deus
322 1443 497 1498 Spiritum
511 1445 574 1486 filii
595 1448 650 1486 sui
670 1459 747 1486 non
761 1445 820 1485 dat
841 1447 908 1485 nisi
929 1448 1002 1495 eis,
1018 1461 1109 1500 quos
1129 1449 1204 1489 vult
1221 1448 1295 1490 ha-

37 1504 128 1549 bere
142 1507 248 1548 filios.

79 1569 182 1613 Addi
191 1569 416 1624 possuntalia
425 1572 632 1611 testimonia
647 1572 801 1618 interna,
817 1570 948 1623 quibus
958 1567 1112 1622 Spiritus
1123 1579 1286 1623 sanetus,

37 1636 176 1688 spiritui
199 1640 328 1674 nostro
344 1640 494 1674 testatur
509 1647 578 1674 nos
587 1647 668 1673 esse
690 1634 783 1673 filios
804 1630 890 1680 Dei,
913 1646 995 1684 v-g.
1012 1632 1140 1673 horror
1154 1649 1292 1687 pecca-

35 1697 89 1747 ti,
111 1711 215 1737 amor
236 1694 330 1746 Dei,
366 1696 614 1750 promptitudo
635 1696 682 1736 ad
716 1695 967 1736 obediendum
979 1698 1032 1745 ei,
1067 1703 1103 1736 et
1132 1695 1290 1749 Spiritus

33 1760 149 1799 sancii
179 1758 340 1798 motibus
358 1756 664 1810 obtemperandi,
686 1770 758 1808 pax
784 1759 935 1797 interna
951 1787 963 1807 ,
991 1763 1026 1796 et
1055 1758 1289 1811 tranquillitas

35 1821 268 1860 conscientiae
285 1819 389 1859 nullis
412 1820 540 1859 saltem
561 1821 657 1860 notis
671 1825 709 1860 et
725 1821 894 1871 gravibus
918 1821 1075 1871 peccatis
1103 1821 1291 1862 obnoxiae.

90 1879 192 1923 Cave
211 1889 335 1923 tamen
360 1896 409 1923 ne
438 1896 523 1923 cum
549 1881 732 1922 haereticis
750 1889 855 1934 putes
874 1881 954 1921 haec
984 1884 1189 1922 testimonia
1209 1897 1289 1924 esse

32 1951 130 1986 certa
148 1944 363 1985 certitudine
377 1943 465 1984 fidei
479 1960 487 1990 ;
510 1946 558 1984 ita
573 1951 612 1985 ut
634 1959 700 1998 per
714 1958 756 1985 ea
771 1946 991 1985 certissimus
1004 1951 1039 1984 et
1053 1943 1288 1987 infallibiliter

30 2006 223 2047 credamus
238 2019 306 2044 nos
324 2019 406 2045 esse
429 2005 524 2044 filios
540 2000 636 2046 Dei.

85 2064 190 2107 Licet
208 2068 308 2106 enim
330 2069 539 2108 testimonia
552 2067 620 2117 illa,
638 2066 784 2120 quaudo
805 2072 841 2106 et
863 2072 1039 2119 quatenus
1053 2074 1136 2107 sunt
1152 2071 1172 2107 ὲι
1190 2066 1282 2120 Spi-

29 2129 100 2170 ritu
122 2136 268 2179 sancto,
305 2136 403 2172 certa
423 2132 496 2170 sint
517 2137 553 2171 et
581 2129 779 2171 infallibilia
793 2159 803 2178 ,
826 2135 948 2170 tamen
969 2137 1146 2182 quatenus
1172 2131 1279 2170 nobis

26 2187 266 2241 extu‘bentur,
292 2204 375 2243 ,non
392 2198 475 2242 sunt
504 2194 574 2232 nisi
592 2192 883 2242 conjecturaliter
899 2199 937 2232 et
953 2193 1137 2232 moraliter
1155 2198 1277 2240 certa;

26 2253 111 2305 quia
136 2254 224 2293 certi
239 2266 314 2294 non
333 2267 457 2297 sumus
467 2268 514 2296 an
525 2259 545 2295 ὲ
559 2253 694 2309 Spiritu
711 2262 836 2296 sancto
858 2256 1081 2307 procedant,
1099 2270 1146 2295 an
1160 2260 1180 2297 a)
1193 2258 1282 2309 spi·—

20 2315 94 2360 ritu
115 2315 213 2357 malo
228 2317 322 2358 sein
334 2314 520 2372 Angelum
532 2318 625 2370 lucis⁴
638 2319 922 2374 transfigurante.

0 2396 13 2405 .
222 2385 259 2414 ι.
1081 2394 1110 2437 9
