1410 2554
390 81 572 123 rainu
597 85 831 118 nvom-ro.
860 74 956 128 Cap.
984 73 1043 117 11.
1290 76 1345 126 4¹

17 134 27 138 '⁷
81 148 106 190 A
119 149 236 192 homo
255 146 418 201 quisquis
438 147 488 186 sis
499 176 510 197 ‚
527 147 586 200 qui
603 150 776 200 perverse
791 160 903 200 agens
915 176 926 196 ‚
945 146 1034 186 alios
1051 144 1190 198 judicas
1206 152 1242 187 et
1255 160 1347 187 con-

81 212 260 257 demnas,
278 210 359 249 sive
373 206 520 260 publico
537 207 671 258 judicio
685 237 696 254 ‚
715 209 796 247 sive
812 209 967 259 privato.

136 273 183 312 In
196 287 265 325 quo
277 268 581 322 enimjudicas...
599 266 635 307 id
655 274 729 315 est,
748 281 794 307 eo
813 268 913 307 enim
930 268 1011 319 ipso
1022 265 1134 319 quod.
1149 263 1233 320 Syr.
1251 263 1346 308 Ete-

13 324 17 344 η’
80 336 160 379 nim
179 337 253 378 hoc
276 338 395 390 ipsum
426 333 526 386 quod
542 332 766 372 condemnas
786 334 997 385 proximum
1018 338 1119 372 tuum
1136 363 1147 382 ‚
1168 339 1205 372 te
1223 335 1345 394 ipsum

78 401 156 451 agis
169 412 273 439 reum
293 413 303 443 ;
335 393 635 450 quandoquidem
656 395 692 433 in
711 395 753 432 iis
772 387 885 432 etiam
907 406 988 446 quae
1011 391 1184 444 damnas,
1206 398 1244 432 tu
1265 394 1345 446 ipse

78 462 280 513 occuparis.
300 456 433 498 Eheu!
454 463 542 510 quot
558 454 669 495 hodie
690 454 895 505 Doctores,
923 453 1232 506 concionatores,
1251 453 1345 497 Ma-

77 527 203 579 gistri,
223 523 376 564 Judices
396 527 431 563 et
446 520 699 574 Magistratus,
725 536 765 561 se
785 535 852 561 suo
868 536 931 562 ore
949 521 1218 563 condemnant!
1239 519 1344 574 Qui—

79 588 237 639 cumqu‘e
254 585 388 633 docet,
410 590 446 624 et
464 596 540 622 non
555 582 637 622 facit
648 582 748 636 quod
768 582 896 628 docem
916 585 1138 636 quicumque
1154 585 1228 635 agit
1243 583 1344 636 quod

78 653 117 692 in
134 652 210 692 aliis
224 651 391 696 damnat}
410 648 472 689 hic
488 663 589 690 suam
601 650 713 702 ipsius
725 648 825 688 litem
843 651 1001 700 instruit,
1019 663 1196 702 suamque
1209 650 1344 702 obsig-

77 722 140 757 nat
160 717 382 755 sententiam
401 728 410 752 z
429 712 580 754 attende
600 712 679 753 tibi.

133 774 190 828 y.
206 790 244 816 2.
261 776 412 815 Scimus
427 776 541 815 enim.
556 772 623 815 Gr.
649 780 783 815 autem.
801 772 890 829 Syr.
907 789 1016 827 porro
1037 776 1188 823 scimus,
1203 775 1347 815 scimus

75 853 203 878 omnes
224 853 237 879 .·
256 837 396 878 scilicet
415 834 607 887 Gentiles,
626 836 703 889 ipszi
721 837 871 877 naturali
891 840 1050 882 ratione;
1076 835 1202 878 Judaei
1216 868 1226 886 ,
1245 850 1345 890 prae—

77 907 177 941 terea
203 914 251 940 ex
278 899 381 950 lege3
399 895 582 950 'quoniam
595 898 783 949 judicium
810 899 908 946 Dei,
932 896 1061 950 suppie
1077 903 1132 937 est
1156 908 1342 949 peragen-

74 964 185 1014 dum,
215 963 419 1004 secundum
443 964 666 1014 veritatem,
687 962 826 1002 scilicet
851 964 1062 1004 meritorum
1076 968 1113 1003 et
1135 961 1341 1004 demerito-

72 1039 176 1077 rum,
199 1028 339 1080 absque
360 1033 527 1078 respectu
545 1039 797 1079 personarum.

128 1089 214 1144 Ipsa
237 1093 328 1130 ratio
345 1091 453 1131 docet
468 1085 599 1132 Deum
617 1105 713 1140 esse,
733 1098 767 1131 et
784 1094 927 1132 summe
943 1094 1091 1142 justurm
1110 1087 1222 1134 Deus
1239 1092 1341 1135 enim

72 1154 216 1204 concipi
228 1166 303 1191 non
325 1158 443 1204 potest
459 1153 538 1191 sine
553 1151 687 1202 justitiet
705 1168 713 1191 ε
736 1165 824 1206 ergo
841 1155 917 1206 ipsa
932 1155 1023 1193 ratio
1042 1152 1150 1193 docet
1165 1153 1340 1205 judicium

69 1213 156 1258 Dei
186 1216 268 1256 sore
297 1216 500 1257 secundum
524 1218 737 1266 veritatem,
774 1233 850 1258 non
879 1218 1080 1258 secundum
1111 1220 1338 1272 apparentias

69 1277 321 1319 exercendum
346 1294 354 1317 ε
376 1277 463 1336 t'wc
488 1286 623 1320 tremor
642 1283 742 1323 omni
769 1284 864 1322 serio
888 1281 1106 1324 reflectenti.

123 1339 227 1382 Deus
255 1356 315 1382 me
343 1341 516 1392 judicabit
548 1344 753 1384 secundum
784 1348 977 1386 veritatem
1005 1346 1176 1398 luminis,
1196 1349 1338 1388 sancti-

66 1405 148 1444 tatis
170 1409 206 1444 et
236 1406 382 1454 justitiae
414 1418 502 1444 suae.
531 1403 568 1445 Ο
589 1404 744 1446 veritas!
766 1408 787 1446 ὁ
806 1410 994 1448 sanctitas!
1019 1410 1040 1447 ὀ
1070 1410 1203 1460 justitia
1220 1409 1339 1452 divini

63 1463 229 1508 Judicis!
250 1464 343 1516 Quis
363 1475 400 1507 te
431 1482 506 1508 non
538 1470 688 1509 timeat?
707 1472 787 1522 quis
811 1470 1074 1511 tremebundus
1095 1484 1171 1510 non
1203 1471 1299 1512 dicat
1317 1490 1328 1515 τ

63 1523 155 1568 Non
175 1530 287 1568 intres
305 1530 342 1568 in
363 1529 536 1579 judicium
556 1545 638 1570 cum
657 1546 766 1572 servo
785 1539 868 1582 tuo,
895 1529 1091 1582 Domine,
1114 1536 1196 1587 qnia
1218 1534 1335 1577 nulius

61 1590 158 1643 apud
177 1597 214 1631 te
229 1592 477 1642 justificabitur
502 1592 629 1634 homo.

117 1651 214 1694 Haec
233 1654 404 1708 equidem
427 1655 473 1695 de
486 1657 581 1707 justo
595 1655 669 1697 Dei
682 1657 816 1709 judicio
832 1661 1004 1701 naturalis
1017 1663 1148 1702 notitia
1163 1661 1335 1706 dormitat

58 1718 208 1757 nuncin
230 1717 368 1757 multis:
385 1718 451 1759 sed
470 1722 565 1760 circa
582 1728 739 1762 mortem
762 1723 853 1764 solet
882 1727 1052 1771 excitari;
1074 1732 1233 1778 tuncque
1249 1741 1333 1766 mo·

57 1780 254 1822 rihundum
273 1789 504 1834 peccatorem
524 1788 570 1824 eo
580 1787 696 1838 magis
717 1793 874 1841 torquet,
891 1794 963 1842 quo
988 1790 1118 1830 diutius
1130 1799 1164 1831 et
1182 1792 1334 1845 prosun·

57 1843 138 1884 dius
159 1847 197 1885 in
211 1845 284 1886 vitu
302 1847 522 1888 dormitavit.
542 1847 644 1889 Itlam
673 1865 759 1903 ergo
778 1866 886 1892 sanus
910 1857 1051 1902 excita;
1073 1862 1107 1895 et
1127 1859 1332 1901 seeundum

56 1905 151 1946 illam
172 1911 259 1949 vive
278 1939 288 1956 ‚
312 1916 349 1950 ut
369 1912 488 1952 minus
505 1918 635 1954 terreat
647 1916 683 1954 in
702 1923 833 1966 morte.

109 1963 153 2014 ψ.
183 1968 221 2008 3.
241 1971 457 2013 Existimas
474 1981 598 2015 autem
611 1976 707 2017 hoc:
727 1979 916 2031 quomodo
935 1996 1022 2036 ergo
1053 1985 1089 2023 in
1115 1983 1188 2024 hoc
1208 1999 1331 2027 errore

53 2032 230 2080 versam,
253 2040 292 2072 ut
312 2037 525 2086 existimes,
555 2039 701 2079 όΙιοιηο
715 2070 729 2088 ,
750 2043 816 2094 qui
829 2043 985 2094 judicas
1006 2046 1119 2097 alios,
1140 2055 1175 2089 et
1201 2049 1331 2091 cadem

47 2103 158 2131 amen
185 2087 302 2144 facis,
338 2111 434 2150 quae
469 2099 619 2141 damnas
655 2103 692 2142 in
713 2105 787 2151 εἰς,
816 2108 943 2158 sicque
963 2122 1009 2147 ex
1033 2112 1234 2162 ignorantia
1255 2127 1331 2153 non

49 2164 185 2254 peccqs
198 2185 208 2204 ,
222 2159 446 2245 Fquomodo,
466 2163 622 2215 inquam
636 2194 646 2214 ‚
668 2168 865 2207 existimas
884 2173 984 2221 quod
995 2180 1034 2211 lu
1055 2173 1129 2212 Dei
1134 2174 1328 2226 judicium

50 2229 71 2251 e
106 2230 155 2265 ug
169 2231 227 2257 cs.

106 2272 172 2316 Ob
190 2279 254 2318 tria
270 2289 525 2334 pervertuntur
553 2286 751 2332 hominum
775 2292 928 2344 judicia;
949 2297 1008 2338 ve!
1027 2299 1109 2352 quia
1135 2300 1324 2354 ignorant,

50 2339 111 2380 vel
123 2344 205 2395 quia
226 2348 355 2398 punire
368 2363 445 2391 non
459 2352 606 2404 vatent,
629 2357 690 2398 vei
704 2359 850 2412 quiajos
866 2361 984 2403 inillis
1002 2364 1227 2406 subvertitur
1239 2380 1327 2420 gra-

279 2415 315 2442 1.
1066 2439 1106 2463 2.
