1410 2554
327 55 506 112 τιιῐίίιει
534 79 762 110 exposa-10.
792 65 888 121 Cup.
916 65 953 107 1.
1237 76 1289 119 ¹⁷

22 139 122 191 ide'm
139 121 278 185 indicat
298 141 454 183 verbum
471 154 654 196 sequens,
674 139 730 194 Υ.
761 155 825 182 ιι.
848 137 1022 191 ἔπιποθῦ,
1033 135 1289 180 vehementer

22 205 207 251 desidero.

77 268 140 312 Ex
156 270 300 311 duobus
313 268 371 310 his
383 269 552 310 versibus
569 267 743 309 discimus
766 281 780 306 ι
791 297 801 306 .
802 265 937 321 ⁰quod
953 265 1199 316 juramentum
1214 263 1289 308 rite

21 331 155 375 sactum
173 334 220 372 sit
235 337 334 371 actus
343 329 546 381 religionis,
562 330 645 382 quia
661 326 785 368 Deum
799 329 964 380 agnoscit
980 333 1017 367 et
1033 326 1189 367 declarat
1208 329 1287 380 priq

22 413 123 440 mam
136 399 326 439 veritatem
339 402 373 436 et
395 395 626 436 bonitatem:
638 395 845 443 veritatem,
868 407 948 449 quae
962 391 1033 433 salli
1051 406 1128 433 non
1145 399 1289 446 potest;

22 458 247 506 bonitatem,
269 469 350 510 quae
365 455 486 496 fallere
507 457 647 508 nequit.

77 523 136 564 2.⁰
163 521 349 577 Exemplo
373 520 421 562 D.
453 519 557 561 Pauli
581 519 694 560 discat
713 501 859 574 pastor,
886 518 987 573 quod
1011 518 1223 574 frequenter
1247 526 1288 561 et

22 591 124 640 quasi
146 588 289 630 assidue
308 601 410 628 orare
436 594 472 628 et
488 599 635 638 gemere
653 599 720 639 pro
743 583 933 634 Ecclesia,
951 587 997 624 sit
1019 587 1100 626 veri
1120 582 1289 628 Pastoris

21 667 155 697 munus
173 686 183 702 ,
195 657 272 696 imo
288 661 324 694 et
338 654 428 694 boni
446 652 649 693 christiani.

77 714 137 766 33
150 711 354 758 Discamus
369 745 379 764 ‚
393 714 557 766 ejusdem
579 711 770 765 exemplo,
784 725 886 752 orare
903 713 972 753 sub
990 710 1033 754 εὖ
1043 711 1259 754 conditione
1270 742 1282 762 ‚

21 767 93 831 qud
108 778 224 817 oravit
245 792 254 815 :
270 773 311 816 Si
324 778 369 816 sit
381 775 547 815 voluntas
564 771 659 816 Dei.
676 769 738 814 Ut
756 776 855 814 enim
875 775 924 814 ait
943 771 1209 815 Theodoretus
1223 804 1236 825 ,
1252 775 1286 815 si

21 838 85 878 ubi
104 836 151 877 de
168 842 221 876 tot
238 835 435 877 hominum
448 836 655 891 myriadum
674 834 789 875 salute
805 837 921 887 agitur
942 864 956 884 ,
977 838 1030 876 sic
1054 834 1287 888 rogatApo-

20 902 147 952 stolus,
176 899 246 956 qua
271 901 377 942 venia
401 902 498 953 digni
515 915 666 951 summ,
689 902 748 953 qui
772 914 848 940 non
868 902 992 941 omnia
1006 907 1128 941 nostra
1141 900 1283 942 divinae

19 969 194 1009 voluntati
206 969 470 1021 permittimus,
493 969 539 1008 ab
553 966 669 1020 eaique
682 966 886 1021 pendemus
902 963 918 1003 Ρ

74 1032 133 1086 Υ.
174 1049 190 1074 1
203 1049 237 1074 1.
266 1034 445 1073 Desidere
471 1036 569 1075 enim
605 1033 730 1075 videre
763 1048 832 1074 vos
849 1064 860 1083 ‚
890 1040 930 1073 ut
947 1034 1093 1087 aliquid
1109 1063 1142 1076 ..
1155 1064 1166 1076 .
1183 1032 1286 1078 .Gr.

17 1105 59 1139 ut
74 1098 220 1153 aliquod
240 1101 424 1152 impertiar
444 1099 581 1139 donum
608 1099 715 1139 vobis
737 1098 922 1150 spirituale
935 1130 947 1149 ‚
971 1100 1019 1140 ad
1038 1099 1186 1141 stabiliri
1199 1115 1285 1142 vos,

18 1158 103 1214 Syr.
130 1159 429 1212 quandoquidem
459 1159 702 1200 vehementer
727 1166 815 1214 opto
841 1159 970 1201 videre
986 1174 1076 1210 vos,
1106 1166 1143 1200 et
1160 1160 1285 1214 largiti.

16 1227 126 1267 vobis
145 1224 284 1264 donum
305 1222 462 1277 Spiritus
477 1253 487 1272 ‚
514 1238 586 1278 quo
610 1224 857 1265 stabiliamini.

73 1289 132 1340 4⁰
147 1286 280 1342 Aperit
306 1290 361 1329 sui
390 1288 560 1330 desiderii
583 1291 767 1330 motivum
791 1303 891 1329 :non
910 1303 957 1329 ex
977 1292 1184 1332 curiositate
1203 1290 1282 1332 de·-

13 1355 139 1396 sidero
159 1354 286 1396 videre
309 1369 377 1395 vos
395 1371 403 1400 ς
422 1369 498 1395 non
517 1369 565 1396 ex
585 1354 781 1408 eupiditate
799 1361 835 1395 ut
849 1354 987 1408 aliquid
1005 1370 1026 1396 a
1044 1357 1153 1396 vobis
1172 1360 1282 1398 acci*-

16 1423 114 1475 piam
136 1450 147 1470 ,
165 1423 258 1462 sicut
284 1419 445 1474 plerique
459 1418 623 1461 Romam
650 1420 811 1467 vadunt;
837 1421 903 1461 sed
930 1421 976 1461 ad
993 1423 1283 1476 impertiendum

17 1483 126 1523 vobis
153 1481 299 1533 aliquod
316 1481 499 1534 spirituale
517 1481 656 1522 donum
673 1512 683 1531 ,
713 1495 786 1533 quo
804 1496 871 1522 vos
892 1484 927 1522 in
946 1481 1020 1522 fide
1045 1483 1282 1527 confirmem‘.

59 1545 130 1597 ,Υ.
162 1562 225 1588 12.
248 1548 300 1587 Id
327 1555 383 1587 est
402 1548 518 1587 simul
545 1549 787 1590 consolari...
804 1578 814 1589 .
842 1550 943 1602 quasi
962 1549 1110 1590 liberius
1132 1549 1283 1590 locutus

18 1615 87 1663 sit,
110 1607 247 1653 emollit
286 1621 320 1654 et
352 1613 520 1654 modeste
554 1615 699 1667 corrigit
725 1613 823 1665 quod
861 1610 916 1663 Υ.
963 1630 1027 1655 ιι.
1053 1614 1175 1663 dixin
1201 1614 1280 1657 hoc

17 1684 134 1720 totum
151 1678 197 1718 ad
219 1686 381 1719 mutuam
399 1678 688 1720 consolationem
719 1679 945 1720 reducendo.

70 1737 315 1780 sunthorum
336 1752 431 1780 vers.
453 1755 469 1780 1
490 1755 505 1780 ι
523 1770 534 1781 .
559 1747 594 1780 et
618 1755 679 1780 η.
698 1741 812 1780 verba
835 1741 942 1795 plena
962 1740 1175 1782 humilitatis
1196 1774 1205 1792 ‚
1227 1746 1282 1785 ait

15 1797 292 1843 Z'heodoretus.
309 1798 396 1841 Non
415 1804 514 1842 enim
541 1801 633 1842 dixit
650 1831 661 1850 ‚
681 1808 720 1842 ut
741 1802 827 1843 dem
850 1833 861 1852 ,
896 1798 967 1843 sed
987 1810 1026 1843 ut
1058 1805 1244 1856 impertiar
1261 1819 1275 1852 ;

17 1867 252 1905 communico
268 1868 366 1906 enim
388 1881 435 1907 ex
453 1869 493 1906 iis
508 1881 588 1919 quae
605 1869 728 1920 accepi
745 1884 755 1910 ς
775 1875 810 1908 et
827 1871 909 1919 quia
932 1872 1072 1921 primus
1090 1873 1143 1910 eis
1175 1883 1280 1922 mag-

16 1940 87 1967 nus
108 1924 234 1967 Petrus
253 1926 458 1969 doctrinam
476 1926 737 1979 Evangelicam
772 1930 926 1982 praebuit
944 1960 955 1979 2
986 1932 1194 1971 necessario
1218 1932 1277 1970 in-

17 1986 118 2035 tulit,
133 1987 187 2026 ad
205 1987 487 2040 confirmandos
503 2004 591 2029 vos.-
605 2004 681 2030 non
708 1993 808 2030 enim
822 1991 927 2031 aliam
943 1992 1050 2032 vobis
1068 1992 1279 2036 doctrinam

15 2046 170 2097 afferre,
187 2050 255 2089 sed
272 2064 351 2091 eam
370 2065 452 2103 quae
474 2054 547 2102 jam
563 2052 682 2094 oblata
696 2058 776 2103 est,
801 2053 1017 2094 confirmare
1035 2084 1046 2103 ,
1067 2060 1105 2094 ct
1125 2055 1279 2096 arbores

16 2108 91 2158 iam
112 2109 287 2163 plantatas
305 2114 453 2163 irrigare
475 2113 573 2154 volo.
836 2157 840 2163 ,

84 2171 233 2215 Deinde
285 2191 405 2218 lursus
443 2181 649 2220 orationem
691 2178 802 2220 multa
849 2181 963 2233 replet
1008 2181 1278 2223 moderatione.

18 2235 107 2280 Hoc
127 2248 248 2282 autem
278 2249 332 2283 est
356 2274 367 2294 ,
385 2245 502 2284 simul
523 2247 756 2286 consolari..
771 2276 781 2287 .
805 2244 898 2294 Non
928 2246 1049 2289 sotum
1090 2263 1167 2289 non
1186 2248 1276 2290 volo

18 2298 127 2350 dare,
144 2302 211 2344 sed
228 2305 336 2347 etiam
350 2307 369 2344 ὲι
386 2307 492 2346 vobis
502 2309 682 2360 accipere.
694 2301 903 2362 Hucusque
918 2306 1156 2351 Theodorei.
1174 2307 1280 2352 Hinc

18 2364 107 2413 ergo
128 2362 347 2405 modestiam
362 2366 463 2407 disce
476 2375 513 2408 ct
533 2370 570 2408 in
587 2382 698 2409 sensu
716 2399 725 2420 ,
744 2371 834 2410 etin
855 2371 993 2412 verbis.

1031 2438 1064 2469 l.
