1410 2554
277 30 448 62 umam
469 23 703 61 uuest-no.
737 14 835 70 ap.
866 14 990 58 XIV.
1185 14 1270 72 3⁵7.

2 88 201 146 neguktmr‘
230 97 382 144 agentes
394 119 408 143 ‚
438 104 516 132 non
546 88 702 143 ampiius
735 87 826 130 aiios
852 89 892 141 iu
901 89 1068 130 dicemus
1103 88 1144 129 in
1165 100 1268 129 ma„-

4 151 95 197 lum.

59 214 136 258 Sed
152 219 272 269 potius
287 215 361 257 hoc
378 215 474 269 apud
491 229 558 256 vos
575 217 719 256 statuite
730 246 741 267 ‚
760 214 847 255 nulli
869 212 1022 255 fratrum
1036 215 1266 255 occasionem

6 279 94 322 dare
108 285 170 319 aut
189 291 346 319 remorae
365 280 404 318 in
424 276 485 318 via
500 277 620 318 salutis
634 307 645 327 ‚
663 283 725 317 aut
741 275 842 317 casus
857 279 878 316 a
900 276 1025 317 salute.

66 370 182 424 Quod
202 372 249 413 ad
277 386 339 413 me
370 373 524 420 attinet,
553 383 622 422 ego
652 371 852 411 certissime
878 370 972 419 scin,
993 375 1029 410 et
1054 369 1266 422 plenissime

8 449 91 477 sum
108 444 320 488 persuasus,
345 428 486 474 Christi
503 429 624 472 afflatu
645 438 682 472 et
701 430 863 471 doctrina
878 460 889 480 ‚
909 430 1010 485 quod
1027 430 1141 470 nullus
1163 431 1267 470 cibus

11 496 279 539 sumamma
294 498 478 548 impurus,
490 495 656 547 ideoque
670 493 755 534 ticet
774 495 980 545 promiscue
997 492 1162 546 quolibet
1186 494 1240 533 nti
1253 507 1266 532 τ

63 557 140 602 Der
157 559 328 604 accidens
339 565 493 610 tamen,
511 563 660 611 propter
677 558 919 610 ignorantiam
931 586 942 607 ‚
959 555 1087 609 aliquis
1105 555 1267 597 cibus&

7 621 220 663 immundus
235 652 249 672 ,
265 623 302 662 ei
321 621 455 662 scilicet
467 649 479 669 ‚
502 621 563 673 qui
580 625 680 672 putat
701 619 800 660 illum
818 618 1074 668 immundum,
1091 631 1157 660 seu
1172 631 1267 671 pro-

8 684 167 726 hibitum
187 699 197 724 :
216 691 253 724 et
279 684 365 724 ideo
392 696 514 723 coram
526 681 599 723 hoc
629 681 776 722 infirmo
801 681 999 734 prudenter
1020 681 1198 722 utendum
1209 686 1267 722 est

6 745 231 800 Evangetica
242 746 421 788 libertate.

60 839 215 884 Etenim
232 843 262 882 si
283 841 344 882 hic
362 840 471 882 frater
493 847 573 885 tuus
595 837 767 883 infirmus
789 842 1001 891 existimat,
1027 839 1110 880 licet
1124 854 1172 881 ex
1198 853 1267 881 er-

8 904 528 959 rove‚·atiq2fidtmnundnm‚
546 910 583 944 et
602 903 691 944 fflud
707 910 832 944 tannen
853 916 981 944 coram
1009 916 1055 944 eo
1077 903 1265 951 comedis,

9 969 135 1018 sicque
151 979 235 1005 eum
253 965 302 1004 ob
320 971 421 1004 tuum
438 965 560 1004 cibum
580 964 698 1013 laedis,
718 971 777 1004 aut
795 964 923 1005 saltem
953 977 1110 1005 moerore
1126 962 1265 1011 afficis:

65 1027 176 1070 Tunc
192 1041 320 1080 peccas
342 1034 466 1068 contra
482 1027 677 1069 fraternam
697 1027 923 1069 charitatem.

66 1089 151 1132 Ha!
170 1105 219 1132 ne
248 1091 357 1132 frater
379 1098 481 1142 tuus,
503 1086 589 1132 licet
613 1093 799 1142 infirmus,
818 1095 865 1133 sit
898 1094 964 1133 tibi
990 1099 1063 1133 tam
1092 1091 1172 1133 vilis
1188 1121 1201 1142 ‚
1228 1099 1269 1134 ut

13 1168 98 1198 eum
115 1156 198 1195 cibo
226 1161 287 1194 tuo
316 1154 468 1207 perdas,
495 1168 603 1207 quem
621 1152 786 1195 Christus
810 1158 899 1195 tanti
929 1154 1035 1207 fecit,
1055 1163 1094 1197 ut
1124 1169 1191 1208 pro
1209 1154 1269 1196 ino

13 1216 188 1258 salvando
206 1219 299 1258 mori
317 1231 393 1258 non
409 1218 642 1258 dubitaverit.

65 1313 216 1358 Cavete
231 1318 338 1369 'gitur
354 1329 403 1357 ne
422 1329 530 1358 causa
545 1318 642 1357 sitis
639 1329 706 1356 cnr
721 1314 995 1368 blasphemetur
1015 1315 1109 1356 tides
1130 1314 1272 1357 etreli-

15 1379 78 1430 gio
94 1385 246 1426 nostra,
270 1378 320 1418 ob
350 1384 491 1418 vestras
511 1378 557 1418 de
577 1378 668 1418 cibis
701 1377 881 1426 edendis,
914 1384 974 1418 aut
1007 1391 1085 1418 non
1115 1376 1273 1420 edendis

16 1437 264 1479 dissensiones
283 1444 320 1478 et
333 1438 540 1479 schismata.

68 1528 221 1573 Etenim
248 1546 334 1573 vera
351 1532 477 1585 religio
494 1563 506 1584 ‚
525 1546 591 1584 per
613 1546 721 1585 quam
744 1529 848 1573 Deus
877 1534 914 1572 in
935 1532 1042 1573 nobis
1064 1539 1211 1585 regnat,
1233 1540 1269 1574 et

16 1595 66 1635 ob
85 1584 201 1646 quam*
210 1594 318 1634 nobis
333 1594 480 1635 coeieste
511 1608 663 1647 regnum
681 1601 803 1647 parat,
834 1608 910 1634 non
935 1596 1098 1635 consistit
1117 1597 1155 1635 in
1169 1595 1269 1636 eiec-

15 1656 116 1696 tione
134 1655 204 1695 cibi
220 1661 255 1695 et
268 1657 401 1708 ponis:

70 1713 148 1757 Sed
167 1718 203 1756 in
221 1731 365 1758 morum
397 1720 627 1768 innocentia,
661 1720 699 1759 in
733 1721 831 1771 pacis
858 1717 1026 1760 fraternae
1057 1720 1201 1770 studio,
1228 1729 1267 1763 et

16 1783 57 1822 in
95 1781 265 1835 spirituali
300 1780 456 1834 gaudio,
493 1781 631 1821 bonam
664 1783 927 1822 conscientiam
960 1796 1107 1836 semper
1140 1785 1266 1824 comi-

20 1849 133 1885 tante.

74 1932 118 1975 ln
134 1934 192 1975 his
210 1936 372 1988 quisquis
400 1931 549 1974 Christo
568 1935 700 1982 servit,
722 1936 752 1974 is
769 1941 806 1976 et
830 1933 917 1975 Deo
944 1935 1079 1990 placet,
1098 1941 1134 1977 et
1150 1939 1171 1976 a
1188 1937 1258 1990 piis

16 1996 229 2039 hominibus
243 1997 474 2050 approbatur.

71 2099 202 2155 Itaque
213 2108 395 2142 sectemur
423 2115 464 2141 ea
481 2115 560 2153 quae
577 2115 704 2154 pacem
723 2102 915 2142 conciliant
933 2109 970 2144 et
991 2108 1124 2154 augent
1136 2131 1147 2151 ,
1167 2109 1205 2144 et
1222 2115 1267 2143 ea

18 2161 192 2204 faciamus
211 2175 293 2217 quae
310 2162 356 2202 ad
371 2168 534 2202 mutuam
550 2162 742 2204 conserunt
760 2163 1059 2205 aedificationem.

74 2263 198 2317 Cave,
218 2263 422 2307 Christiane
435 2295 446 2316 ‚
465 2268 502 2306 in
519 2266 595 2308 fide
608 2266 767 2317 doctior,
789 2283 839 2310 ne
857 2276 1004 2324 propter
1017 2268 1129 2310 vitem
1142 2269 1266 2310 cibum
