1410 2554
107 100 189 152 382
465 115 671 147 mrsu-om
699 117 756 146 An
784 117 995 149 nonanes

460 306 760 348 commentatt-us
777 307 822 348 in
843 301 940 360 Cap.
964 307 1029 351 15.

110 462 168 518 ff.
187 479 225 506 1.
242 417 646 507 Denmusssautem
665 480 735 507 nos
748 465 965 518 firmiores.
993 462 1062 508 Gr.
1085 473 1271 521 potentes.
1289 464 1382 522 Syrn'
1400 493 1407 506 ‚

110 527 239 581 sortes,
258 530 535 570 imbecillitates
551 529 805 582 infirmorum.
822 528 891 571 Gr.
912 532 1184 585 impotentium.
1202 529 1286 585 Syr.
1302 533 1377 574 im-

110 590 307 641 becillium,
329 592 527 632 sustinere.
543 588 610 632 Gr.
627 598 786 644 portare.
805 590 893 647 Syr.
915 590 1026 633 ferre.

164 653 267 697 Nota
281 658 402 710 primo
423 657 610 699 debemus.
628 655 812 699 Debitum
829 664 885 699 est
912 656 1084 699 fratemae
1110 657 1318 711 charitatis,
1337 662 1387 700 ut

109 719 289 760 firmiores
303 750 316 771 ‚
336 720 542 769 doctiores,
576 721 615 759 in
643 722 777 761 virtute
810 721 1060 773 provectiores
1082 719 1316 773 charitative,
1338 725 1384 763 et

108 786 242 826 leniter
263 784 380 826 ferant
406 783 647 837 infirmorum
659 814 672 833 ‚
697 785 737 825 id
760 790 841 834 est,
869 786 990 826 minus
1014 785 1230 837 doctorum,
1255 788 1379 828 minus

27 898 35 901 ,
110 850 356 905 perfectorum
385 852 606 903 ignorantias
619 879 631 900 ,
667 849 965 901 allucinationes,
996 855 1035 890 et
1057 863 1142 905 quae
1169 864 1219 892 ex
1247 850 1381 894 talibus
1405 878 1410 887 ι

110 914 323 966 ignorantiis
338 911 488 954 faciunt.

166 972 272 1016 Nota
301 974 465 1016 secundo
502 976 699 1026 sustinere,
730 980 875 1028 portare
908 981 1081 1027 tanquam
1109 987 1229 1026 onus,
1263 975 1381 1016 instar

112 1038 327 1088 bajulorum.
354 1035 418 1079 Ad
436 1037 510 1078 hoc
526 1040 664 1092 quippe
687 1038 790 1078 datur
818 1040 871 1079 eis
886 1040 944 1079 vis
964 1043 1000 1078 et
1016 1038 1154 1087 virtus,
1171 1043 1211 1077 ut
1229 1043 1378 1090 portent

114 1097 395 1153 compatiendo,
423 1098 660 1148 instruendo,
683 1111 760 1138 non
781 1098 1034 1152 imprudenter
1061 1097 1376 1150 contradicendo,

112 1162 323 1206 scandaffim
339 1164 515 1213 vitando,
538 1164 682 1205 bonum
703 1164 917 1218 exemplum
938 1162 1074 1204 dando.

167 1222 270 1265 Sicut
283 1227 322 1265 in
337 1238 496 1277 corpore
511 1224 662 1265 naturali
678 1225 847 1266 membra
863 1225 1025 1266 firmiora
1036 1225 1156 1266 serunt
1172 1222 1376 1272 debiliora3

115 1289 224 1329 sicin
240 1283 409 1326 Ecclesia
425 1286 610 1327 firmiores
630 1286 770 1328 debent
785 1286 953 1327 infirmos
974 1290 1166 1328 sustInere.

169 1346 276 1392 Sicut
302 1351 340 1390 in
367 1349 525 1390 aedificio
548 1350 720 1390 materiali
745 1350 862 1405 aliqua
878 1349 1057 1402 eliguntur
1078 1350 1255 1401 firmiora,
1273 1363 1310 1392 v.
1326 1363 1381 1403 gx,

116 1410 372 1460 fundamenta,
414 1409 597 1450 columnae
609 1439 620 1460 ,
650 1416 723 1451 etc.
750 1409 798 1449 ad
834 1410 1090 1451 sustinendum
1129 1414 1247 1450 totum
1274 1408 1378 1449 aedi-

116 1476 190 1517 ficii
200 1474 359 1529 pondus,
380 1474 479 1528 quod
491 1488 540 1515 ex
558 1474 728 1527 fragiliori
743 1476 894 1515 materia
907 1476 1165 1528 superponitur
1181 1474 1252 1513 zita
1267 1473 1383 1515 etiam

116 1543 154 1583 in
171 1541 344 1595 spirituali
359 1538 537 1582 Ecclesiae
563 1541 720 1581 aedificio
731 1570 744 1592 ‚
762 1539 932 1582 fortiores
949 1540 1104 1581 aliorum
1128 1538 1272 1580 debent
1283 1550 1381 1580 onus

117 1605 311 1645 sustinere.

172 1664 224 1704 Et
240 1679 315 1705 non
331 1666 437 1705 nobis
455 1666 617 1718 placere.
638 1663 706 1706 Gr.
730 1672 770 1705 et
782 1661 869 1718 Syr.
887 1678 964 1705 non
984 1663 1214 1716 nobisipsis,
1233 1662 1272 1703 id
1289 1669 1345 1704 est
1358 1689 1409 1715 ‚n

118 1739 196 1767 non
225 1727 500 1781 nobismetipsis
532 1727 696 1781 placere,
744 1727 806 1768 vel
844 1728 884 1767 in
907 1725 1008 1775 fide,
1037 1724 1099 1767 vel
1121 1726 1160 1765 in
1192 1725 1397 1777 scientiar

120 1791 178 1833 vel
191 1794 232 1833 in
245 1793 438 1833 virtutibus
452 1795 598 1834 nostris.

174 1852 306 1896 Potest
323 1857 431 1896 etiam
450 1856 597 1910 intelligi
615 1863 652 1895 et
673 1871 748 1896 non
769 1856 877 1896 nobis
886 1883 901 1904 ,
921 1869 987 1897 seu
1003 1856 1128 1895 animo
1143 1859 1271 1894 nostro
1286 1865 1372 1894 moe·

119 1931 197 1958 rem
217 1931 364 1970 gerere,
383 1916 550 1958 faciendo
578 1921 720 1960 tantum
749 1932 830 1972 quae
852 1917 960 1958 nobis
975 1923 1074 1971 grata
1092 1922 1176 1957 sunt
1195 1922 1232 1957 et
1248 1915 1372 1967 utilia,

120 1993 187 2022 seu
203 1982 338 2022 nostris
356 1984 496 2022 tantum
514 1982 719 2023 commodis
730 1980 942 2022 serviendo.

174 2037 308 2097 Itaque
323 2045 414 2084 sicut
426 2044 560 2084 divites
574 2044 712 2086 debent
728 2045 948 2099 pauperibus
962 2057 1114 2098 erogare
1129 2057 1140 2092 3
1161 2044 1216 2084 sic
1228 2041 1375 2084 doctio-

121 2119 180 2147 res
198 2114 235 2148 et
252 2105 418 2148 fortiores
441 2106 577 2148 debent
592 2121 693 2148 suam
708 2137 719 2158 ‚
741 2108 801 2148 vel
815 2109 1005 2148 scientiam
1020 2136 1031 2157 ‚
1050 2105 1110 2148 vel
1123 2103 1384 2146 fortitudinem-
1407 2129 1410 2136 ·

122 2171 417 2213 communicare:
436 2177 471 2210 et.
494 2172 588 2211 sicut
612 2172 650 2210 in
671 2172 745 2211 suis
772 2170 908 2210 divitiis
928 2171 998 2209 sibi
1018 2168 1159 2222 placere
1184 2173 1375 2223 peccatum

122 2237 177 2271 est
191 2260 201 2280 ,
221 2231 280 2271 vel
308 2245 370 2273 eas
394 2233 464 2273 sibi
480 2232 548 2272 soli
564 2246 772 2280 reservare3
797 2234 849 2273 sic
865 2238 902 2272 et
918 2237 1107 2285 peccalum
1127 2238 1181 2272 est
1198 2233 1267 2273 sibi
1288 2230 1376 2285 pia-

124 2307 207 2334 cere
223 2295 261 2334 in
282 2307 514 2347 quocumque
532 2295 633 2336 bono
646 2326 656 2345 ‚
673 2295 772 2348 quod
789 2308 862 2348 prae
883 2294 950 2335 iuis
971 2293 1111 2335 habere
1128 2294 1310 2347 videmur,
1332 2298 1372 2335 et

123 2369 169 2397 eo
185 2357 286 2399 bono
298 2371 374 2399 non
385 2360 436 2400 uti
449 2357 493 2399 ad
510 2360 667 2410 proximi
682 2358 919 2400 commodum
933 2362 970 2399 et
984 2357 1158 2400 salutem.
