1410 2554
75 60 134 119 98
437 74 644 104 uns-roms
673 75 732 104 tm
762 76 962 125 nolumus

133 133 189 186 γ.
208 133 271 175 16.
283 134 373 173 Ideo
389 148 439 173 ex
440 133 541 185 fide.
551 132 618 175 Gr.
638 141 788 188 propter
805 136 878 178 hoc
894 152 941 180 ex
955 140 1042 181 fide.
1054 139 1138 197 Syr.
1152 151 1346 200 propterea

81 213 129 240 ex
149 197 225 238 fide
246 211 327 249 quae
347 209 420 249 per
440 199 589 247 gratiam
603 204 681 246 est,
702 199 998 252 justificabimur,
1018 210 1056 243 ut
1079 208 1165 246 vera
1189 211 1234 248 sit
1253 223 1348 261 pro·-

78 264 206 303 missio
234 263 301 301 toti
333 261 411 311 ejus
433 262 592 310 semini,
622 267 694 302 etc.
723 263 761 302 id
784 270 868 313 est,
899 266 989 321 ideo
1012 282 1062 306 ex
1074 268 1160 319 fide
1190 263 1347 315 obvenit

78 324 272 366 haereditas
314 325 520 376 promissa;
553 331 594 362 ut
625 326 827 365 secundam
858 329 1038 378 gratiam.
1069 335 1121 370 1.⁰
1150 329 1203 372 Ut
1240 335 1346 376 detur

77 394 255 442 tanquam
269 387 408 426 donum
427 389 643 438 gratuitum,
665 402 742 428 non
759 391 847 428 vero
864 396 1034 444 tanquam
1049 391 1214 433 debitum
1234 410 1243 433 z
1260 395 1344 447 fir-

77 467 146 493 ma
163 453 212 491 sil
222 452 435 504 promissio.
454 446 526 489 Gr.
557 448 686 489 adesse
700 446 848 490 firmam
866 455 1149 504 promissionem
1164 485 1174 505 ,
1197 470 1261 497 seu
1274 487 1284 507 ‚
1301 464 1344 499 ut

70 517 198 570 firma
219 519 269 557 sit
291 517 505 570 promissio.
529 511 655 556 Altera
683 515 785 556 datur
820 520 911 558 ratio
945 533 1007 559 cur
1034 534 1082 560 ex
1106 518 1205 570 fide;
1229 528 1286 564 2.⁰
1302 529 1343 564 ut

78 576 189 620 firma
208 582 254 620 sit:
274 579 399 619 divina
420 579 614 631 promissio
628 607 638 627 ,
668 584 706 618 et
727 578 949 631 compleatur
977 581 1015 619 in
1042 584 1144 621 omni
1173 585 1346 635 semine,

75 657 143 684 seu
159 643 372 694 posteritate
389 639 569 682 Abrahae.

135 706 226 745 Non
243 708 279 744 ei
291 705 357 758 qui
370 720 419 743 ea:
436 705 514 755 lege
527 711 596 752 est,
617 705 736 743 solitm
750 718 765 751 ,·
789 705 826 744 id
838 711 913 753 est,
931 720 1006 746 non
1023 707 1140 747 solum
1158 709 1196 746 in
1208 705 1344 749 Judaeo
1408 724 1410 726 ·

81 768 143 819 qui
160 766 280 818 legem
297 767 456 817 recepit,
477 765 586 803 sedet
599 766 860 817 eiquiexfidc
871 775 926 807 est
935 797 948 816 ,
963 769 1030 808 sed
1049 770 1158 808 etiam
1177 770 1215 809 in
1233 766 1345 810 Gen-

81 828 133 868 tili
148 859 158 879 ,
179 831 242 880 qui
261 824 426 867 Abrahae
445 826 558 866 fidem
579 834 738 866 sectatur
761 842 769 866 :

141 893 222 946 Qui
239 892 355 931 Pater
371 899 426 931 esc
460 893 627 930 omnium
652 891 818 931 nostrzim
833 922 846 941 ,
880 894 917 933 id
934 901 1013 944 est,
1039 897 1099 946 qui
1132 892 1345 947 Abraham,

78 958 245 996 omnium
273 955 441 995 nostrum
457 983 467 1003 ,
490 960 563 993 tam
589 951 793 994 Gentilium
811 986 821 1006 ,
844 960 952 1008 quam
969 955 1184 997 Judaeorum
1199 988 1209 1007 ,
1235 955 1347 998 Pater

79 1024 161 1066 est,
184 1019 213 1057 si
241 1030 318 1055 non
343 1015 474 1055 carnali
501 1017 762 1067 generatione,
787 1022 884 1058 certi,¹
912 1019 1108 1071 spirituali,
1130 1034 1197 1072 per
1223 1020 1349 1060 simili-

77 1079 248 1119 tudinem
262 1077 350 1117 fidei
371 1084 408 1117 et
426 1077 623 1129 religionis.

137 1140 322 1195 Supponit
349 1137 551 1192 Apostolus
575 1140 663 1180 duas
691 1143 728 1181 in
758 1139 832 1181 Dei
859 1144 1103 1194 promissione
1130 1143 1343 1195 qualitates,

82 1208 181 1262 quod
199 1210 350 1260 gratuita
370 1209 414 1246 sit
433 1214 468 1246 et
488 1207 604 1246 firma.
636 1204 675 1245 Si
699 1207 793 1247 sacta
815 1215 911 1247 esset
931 1207 999 1247 sub
1019 1208 1231 1250 conditione
1259 1222 1348 1249 ser-

79 1271 192 1312 vandi
210 1272 355 1323 legem,
386 1276 449 1310 1.⁰
466 1272 616 1321 gratuita
639 1284 714 1309 non
738 1269 863 1309 suisset
882 1273 1098 1323 promissio;
1127 1271 1192 1311 sed
1219 1271 1348 1312 haere-

82 1334 176 1375 ditas
196 1337 373 1388 promissa
393 1334 634 1382 obvenisset,
657 1335 757 1386 quasi
776 1346 916 1373 merces
934 1334 1096 1384 operanti
1115 1332 1262 1382 debita;
1293 1332 1351 1374 29
1407 1369 1410 1374 Α

82 1412 161 1438 non
178 1398 303 1438 suisset
322 1397 427 1436 firma
442 1426 454 1444 ‚
475 1397 559 1449 quia
576 1395 637 1435 lex
655 1398 844 1436 neminem
869 1396 1083 1446 justificabat.
1101 1427 1112 1447 ,
1138 1399 1213 1436 imo
1243 1397 1356 1437 dam-
1405 1402 1409 1408 ’

83 1461 216 1504 nabat3
249 1465 324 1498 erat
362 1459 462 1497 enim
493 1452 639 1496 occasio
673 1459 984 1510 praevaricationis
1021 1466 1056 1498 et
1091 1467 1358 1512 consequenter

81 1522 365 1563 maledictionis.
391 1519 483 1560 Ideo
502 1534 577 1559 non
600 1534 646 1560 cx
665 1520 756 1572 lege.

139 1585 229 1624 Ideo
247 1590 368 1623 autem
390 1583 533 1634 cxfide
550 1599 563 1622 .·
588 1584 640 1623 1.⁰
658 1585 739 1635 quia
752 1583 852 1636 quod
869 1583 971 1622 datur
992 1583 1092 1633 fidei,
1115 1583 1219 1624 datur
1242 1588 1352 1637 gratls
1406 1581 1410 1590 ⁴

83 1653 121 1688 et
137 1647 338 1687 secundom
356 1648 506 1698 gratiam
525 1663 533 1691 ;
556 1651 612 1685 2.⁰
633 1648 714 1697 quia
731 1659 860 1685 omnes
881 1646 966 1685 fidei
984 1652 1066 1685 sunt
1083 1660 1255 1699 capaceS,
1275 1654 1350 1688 tam

85 1708 256 1752 Gentiles
271 1740 281 1758 ,
302 1712 411 1762 quam
432 1704 554 1748 Judaet
571 1723 579 1755 ;
600 1710 724 1761 sicque
744 1710 937 1761 promissio
954 1709 1154 1761 completur
1174 1710 1212 1748 in
1226 1711 1354 1749 omni·

83 1774 179 1817 bus:
198 1776 322 1826 sicque
344 1771 535 1812 Abraham
556 1779 656 1824 pater
674 1772 713 1810 lit
732 1772 924 1811 multarum
945 1768 1135 1811 Gentium.

141 1830 188 1879 fi.
212 1848 273 1888 ¹7·
295 1835 314 1884 (
331 1836 437 1873 Sicut
459 1838 637 1885 scriptum
661 1842 714 1873 est
733 1832 873 1875 Genes.
912 1846 973 1887 ¹7·
991 1833 1080 1885 quia
1097 1839 1244 1884 patrem
1261 1833 1356 1878 mult

85 1907 210 1940 tarum
232 1900 409 1938 Gentium
424 1899 539 1952 posui
552 1903 598 1938 te.
613 1898 630 1944 )

141 1962 244 2002 Ante
271 1961 408 2000 Deum.
427 1958 610 2000 Citatione
631 1973 696 2012 per
717 1959 967 2013 parenthesim
996 1955 1087 1998 tecta
1107 1956 1211 1998 :haec
1239 1958 1355 1999 verba

84 2032 177 2065 ante
191 2027 334 2070 Deum,
360 2024 542 2076 jungenda
562 2037 644 2063 cum
661 2023 951 2077 praecedentibus
969 2037 978 2062 ε
997 2023 1062 2075 qui
1075 2028 1129 2060 est
1143 2049 1157 2068 ‚
1179 2023 1342 2074 inquam,

86 2091 256 2128 omnium
281 2088 447 2128 nostram
478 2089 612 2135 Pater,
630 2096 718 2127 ante
735 2089 858 2127 Deum
880 2104 892 2126 .·
914 2088 950 2127 id
970 2092 1044 2134 est,
1063 2087 1093 2125 si
1119 2098 1193 2125 nou
1218 2097 1342 2125 coram
1407 2126 1410 2131 Α

86 2150 323 2200 hominibus,
359 2155 457 2192 certe
486 2159 571 2192 ante
608 2150 727 2191 Deum
758 2159 793 2191 et
821 2150 992 2191 infallibili
1015 2150 1150 2202 judicio
1173 2146 1271 2196 Dei,
1296 2149 1355 2187 cui
1406 2150 1410 2187 ἕ

83 2225 155 2252 nos
185 2212 279 2252 sides
310 2212 559 2253 commendat.
599 2211 666 2254 Gr.
690 2210 920 2262 κατέναντι,
951 2212 1049 2265 quod
1082 2210 1131 2251 D.
1163 2208 1299 2263 Chrys.
1317 2214 1356 2250 et
1405 2228 1410 2237 ·

84 2273 240 2317 Theod.
262 2282 409 2316 vertunt
426 2276 471 2316 ad
486 2276 698 2329 exemplum
717 2274 813 2327 Dei,
833 2275 878 2315 ad
894 2277 1006 2315 instar
1024 2271 1097 2314 Dei
1115 2288 1123 2311 :
1143 2273 1233 2312 sicut
1252 2269 1356 2311 Deus
1386 2292 1389 2299 ι

86 2339 257 2380 omnium
291 2340 446 2380 omnino
478 2336 590 2380 Pater
629 2345 685 2379 est.
715 2351 782 2391 per
816 2339 1062 2389 creationem,
1082 2337 1135 2377 sic
1161 2332 1356 2376 Abraham
