1410 2554
266 71 443 101 ‘rnrnnx
472 71 700 102 exposrrm.
731 55 827 113 Cap.
851 59 966 100 XIV.
1174 58 1258 118 369

51 124 98 173 Ϊ.
125 129 188 171 18.
211 129 291 184 Qui
319 132 421 170 em’m
453 131 491 170 in
522 130 594 170 hoc
614 133 723 171 servit
742 130 914 179 Chn'sto,
935 130 1065 183 placet
1085 130 1258 174 Deo-s...

0 193 36 234 id
53 199 127 240 est,
163 193 224 244 qui
256 194 295 232 in
330 190 388 232 his
421 192 535 232 tribus
559 193 768 242 virtutibus,
801 205 890 244 quas
907 205 1015 232 versu
1033 190 1257 244 praecedenti

0 251 190 300 recensui,
212 252 251 291 in
283 265 371 291 vera
393 251 530 292 scilicet
548 253 681 304 pietate
702 265 786 305 erga
816 247 963 302 Deum,
982 252 1021 292 in
1052 254 1151 304 pacis
1171 265 1256 294 cum

0 315 171 366 proximo
199 312 389 353 servandae
407 312 550 363 studim
568 320 602 353 et
629 315 667 354 in
685 313 817 367 gaudio
834 313 1008 370 spirituali
1036 321 1074 355 et
1102 316 1142 356 in
1170 328 1255 356 cura

0 377 85 417 alios
99 376 327 431 spiritualiter
346 376 585 427 consolandi,
605 391 679 418 non
701 385 823 419 autem
844 380 1143 419 contentionibus
1166 381 1254 421 irri—

0 439 117 487 tandi;
140 439 200 490 qui
214 440 265 477 sic
283 435 432 479 Christo
454 441 594 491 servit,
610 446 648 480 et
673 438 758 480 Deo
777 439 892 494 placet
915 447 951 482 et
967 441 1014 481 ab
1038 439 1252 484 hominibus

0 503 60 554 piis
80 501 311 554 approbatur.
1167 522 1170 526 ·

46 560 104 614 y.
126 578 188 617 19.
209 562 342 615 ltaque
357 576 440 615 quoe
456 563 565 615 pacis
586 570 673 603 sunt
685 592 699 612 ,
727 570 909 603 sectemur
927 579 940 602 .·
958 570 994 603 et
1011 577 1134 616 quoe...
1164 560 1252 616 Syr.

0 637 88 664 nunc
105 630 188 675 post
207 637 334 676 pacem
352 637 534 664 curramus
552 631 588 664 et
609 631 689 678 post
706 624 983 665 :edificationem
1002 630 1183 665 mutuam.

41 683 103 726 Ex
121 685 248 735 dictis,
267 685 451 725 concludit
468 682 686 737 Apostolus,
705 690 747 726 ut
772 700 855 726 cum
889 685 1009 727 studio
1026 699 1098 727 nos
1127 685 1248 739 appli-

0 761 110 788 :emus
126 746 172 787 ad
187 747 384 797 sectanda,
408 760 489 801 qute
524 748 571 788 ad
604 762 733 800 pacem
762 749 862 790 etad
882 756 1047 792 mutuam
1078 749 1248 792 aedifica-

0 809 125 850 ionem
142 811 346 862 pertinent,
371 823 436 863 per
454 809 552 850 bona
570 809 706 850 scilicet
723 810 904 864 exempla.

177 929 434 960 onstnvA'rlo
462 929 739 960 DOCTMNAms
766 933 819 962 ET
848 932 1045 963 Montius.

38 1022 230 1077 Frequens
255 1032 292 1066 et
310 1025 483 1068 familiare
503 1033 559 1069 est
586 1025 770 1081 Apostolo
790 1042 930 1072 nornen
964 1031 1239 1079 :edificationiu

0 1089 78 1131 aab
89 1090 171 1142 ipso
180 1087 312 1129 factum
327 1096 382 1130 est
395 1089 572 1131 familiare
579 1089 812 1144 Christianis,
830 1107 986 1147 quorum
998 1099 1119 1134 tamen
1133 1094 1244 1146 pauci

0 1152 60 1192 rim
74 1156 111 1193 et
131 1152 312 1203 originem
326 1154 490 1192 nominis
506 1152 600 1192 illius
614 1153 840 1206 intelligunt:
855 1161 895 1194 ut
909 1161 1031 1195 autem
1044 1155 1236 1208 intelligas,

33 1211 135 1256 Nota
155 1219 207 1255 ι.0
229 1214 328 1267 quod
347 1214 550 1255 secundum
567 1211 788 1267 Apostolum
805 1217 936 1258 fideles
952 1223 1036 1257 sunt
1060 1218 1239 1271 templum

0 1271 63 1317 Jei
82 1291 116 1318 1.
129 1274 217 1318 Cor.
226 1290 305 1329 cap.
316 1275 355 1318 3.
364 1275 422 1328 ff
440 1274 501 1317 ι6.
512 1290 593 1328 cap.
606 1275 646 1317 6.
661 1274 718 1328 Y.
730 1293 791 1333 ¹9·
808 1293 845 1320 a.
860 1276 948 1320 Cor.
961 1292 1041 1331 cap.
1049 1280 1088 1323 6.
1102 1280 1161 1332 y.
1176 1280 1240 1323 16.

33 1344 94 1380 2⁰.
107 1337 299 1380 Paradisus
313 1344 368 1380 est
379 1340 521 1390 civitas,
535 1341 637 1390 cujus
651 1339 756 1382 Deus
765 1340 935 1382 fundator
944 1340 1237 1384 etArchitectus.

0 1400 82 1446 leb.
107 1418 170 1445 u.
195 1418 255 1445 ιο.
279 1402 393 1456 Cujus
422 1404 696 1462 singuli‘fideles
714 1412 798 1446 sunt
818 1406 956 1459 lapides
972 1410 1073 1458 vivi,
1109 1408 1239 1463 scalpri

0 1466 128 1508 ulubris
149 1468 282 1508 ictibus
297 1474 335 1508 et
352 1469 524 1508 tunsione
542 1467 694 1523 plurima
714 1473 934 1524 praeparati,
956 1478 995 1512 ut
1018 1473 1057 1512 in
1081 1485 1148 1512 suo
1170 1485 1238 1518 re-‚

0 1537 163 1571 ›onantur
173 1530 270 1572 loco.

34 1588 137 1631 Hinc
155 1591 242 1631 illud
256 1604 373 1632 somne
404 1592 504 1645 quod
518 1592 697 1644 facimus,
722 1601 761 1635 ut
783 1597 972 1648 proximus
1000 1602 1141 1646 noster,
1177 1596 1237 1637 vel

0 1650 124 1696 :bristo
138 1655 252 1707 lapidi
269 1656 426 1708 angulari
439 1658 575 1697 firmius
592 1660 756 1708 uniatur,
777 1660 838 1701 vel
854 1662 1015 1702 invicem
1033 1661 1122 1701 alter
1134 1660 1236 1703 alteri

0 1715 335 1772 haritatefiungatur
355 1735 365 1758 τ
386 1720 458 1760 hoc
477 1729 628 1762 vocatur
648 1723 856 1766 aedificatio.

28 1775 224 1832 Quidquid
241 1781 348 1831 igitur
363 1780 410 1837 ad
421 1781 686 1824 beatitudinem
702 1784 867 1837 confert,
883 1792 919 1826 et
934 1786 1121 1839 disponit,
1141 1785 1236 1827 aedi-

0 1844 95 1885 catio
112 1847 181 1883 est.

31 1902 224 1958 Quidquid
239 1903 288 1944 ad
308 1906 535 1946 sanctitatem
556 1905 723 1958 confert,
743 1922 828 1957 seu,
849 1916 888 1950 ut
906 1907 1060 1963 Spiritus
1084 1916 1232 1951 sanctus

0 1977 15 2006 ι
30 1964 155 2014 nobis,
177 1964 276 2004 velut
291 1966 328 2005 in
343 1966 482 2020 templo
499 1980 566 2007 suo
585 1966 743 2016 habitet,
768 1969 962 2010 aedificatio
988 1977 1058 2011 est.

30 2028 118 2071 Duo
129 2035 250 2070 autem
266 2030 311 2070 ad
320 2030 392 2071 hoc
401 2031 592 2073 conferunt
604 2047 612 2071 :
624 2033 844 2075 documenta
855 2035 992 2076 scilicet
1001 2043 1038 2077 et
1050 2034 1236 2090 exempla.

27 2089 84 2144 Y.
106 2108 171 2134 πο.
184 2094 281 2134 Noli
297 2101 450 2146 propter
468 2108 592 2135 escam
615 2096 798 2137 destruere
816 2113 908 2151 opus
923 2100 1007 2142 Del.
1018 2130 1026 2140 .
1040 2130 1049 2139 .
1064 2130 1074 2141 .
1097 2097 1165 2141 Gr.
1185 2113 1236 2141 ne

0 2163 136 2210 »ropter
148 2171 271 2199 escam
292 2159 470 2200 destruite
489 2167 584 2209 ,etc.
599 2161 636 2201 id
655 2168 731 2213 est,
748 2177 837 2204 cave
856 2178 905 2204 ne
922 2169 1072 2219 propter
1091 2165 1232 2215 cibum,

0 2224 47 2274 {ui
66 2235 126 2263 res
145 2230 200 2264 est
216 2237 264 2264 ex
281 2237 323 2266 se
355 2224 592 2273 indifferens»,
616 2226 779 2270 destruas
807 2235 843 2271 et
866 2237 1010 2283 evertas
1040 2229 1237 2272 aedificium

0 2283 83 2339 Dei,
102 2288 276 2340 templum
296 2286 393 2339 Dei3
415 2289 567 2331 domum
585 2288 673 2332 Dei.
