1410 2554
289 78 467 109 minax
492 77 738 111 ammio.
759 65 855 119 Cap·
882 65 1003 108 XVI.
1180 67 1267 128 399

230 263 449 311 CAPUT
478 259 628 312 DECI
635 264 727 312 ΜΠ
733 264 786 311 Μ
813 266 1058 315 SEXTUM.

495 388 763 442 Pamphi-osis.

11 490 267 580 CAETERUM
292 538 513 579 commendo
533 539 642 580 vobis
660 553 824 581 sororem
855 546 1020 582 nostram
1053 538 1227 584 Phoeben
1243 572 1259 594 ‚

1 600 114 655 hujus
134 600 403 643 Cenchreensis
423 598 598 642 Ecclesiae
621 599 900 651 Diaconissam.
930 609 967 644 et
991 603 1182 658 quae'hinc
1212 604 1261 646 ad

4 676 74 704 vos
92 664 342 717 proficiScjtun
361 661 498 715 hasque
514 669 656 704 nostras
670 664 805 706 litteras
825 664 956 707 desert.

57 726 139 772 Vos
156 731 279 781 itaque
293 741 382 780 rogo
395 757 405 776 ‚
428 735 466 768 ut
486 742 567 770 eam
583 759 595 779 ‚
620 730 670 770 ob
688 727 877 773 Christum
894 760 906 782 ,
923 734 1114 785 excipiatis
1130 762 1141 780 ‚
1163 733 1259 774 sicut

0 786 114 832 *decet
139 793 160 830 a
187 792 318 830 sanctis
338 790 460 841 excipi
489 790 679 832 mulierem
708 798 892 842 sanctam,
925 799 962 832 et
995 794 1029 832 ei
1048 793 1196 844 adsitis,
1220 795 1260 834 iu

5 869 224 911 quocunque
243 857 393 907 negotio
426 853 544 894 vestri}
566 857 758 910 indiguerit
775 856 886 910 opera
903 874 912 898 ε
932 871 1078 912 aequum
1097 866 1152 900 est
1170 861 1260 900 sane

3 923 44 960 ut
76 917 124 958 illi
158 917 281 959 adsitis
299 949 310 968 ,
342 920 639 974 quandoquidem
670 920 748 971 ipsa
781 918 991 974 frequenter
1019 919 1096 960 aliis
1123 934 1259 973 quam-

3 978 168 1034 pluribus
185 982 318 1019 sanctis
336 982 468 1030 adsuit,
492 989 527 1022 et
545 981 636 1022 mihi
655 982 737 1034 ipsi.

24 1062 29 1068 ·
56 1038 218 1082 Salutate
243 1040 466 1092 Priscillam,
500 1046 650 1097 ejusque
677 1045 846 1083 maritum
865 1039 1064 1098 Aquilam,
1093 1057 1198 1085 meos
1219 1045 1258 1084 in

0 1098 200 1155 Evangelio
217 1105 475 1155 promovendo
494 1106 740 1157 cooperarios.

19 1207 35 1233 ,;
51 1182 239 1226 Laborum
261 1189 409 1239 insuper
427 1194 461 1228 et
480 1187 721 1240 pericu'orum
751 1200 920 1227 meorum
945 1193 1159 1233 consortem
1193 1188 1257 1240 qui

0 1248 216 1299 semetipsos
234 1263 299 1300 pro
319 1252 392 1289 vita
413 1264 492 1288 mea
514 1249 647 1290 tuenda
667 1250 881 1300 objecerunt
897 1249 1058 1300 periculo
1073 1252 1182 1296 vitae3
1205 1252 1255 1292 ob

0 1322 78 1364 φη
93 1312 220 1351 merita
236 1326 311 1350 non
328 1327 397 1364 ego
410 1313 505 1353 solus
524 1312 590 1352 illis
607 1313 738 1364 gratias
753 1324 822 1363 ago
836 1341 848 1361 ‚
868 1311 938 1351 sed
957 1318 992 1352 et
1004 1326 1134 1354 omnes
1153 1327 1254 1365 gen-

0 1373 87 1415 tium
103 1370 290 1413 Ecclesiae.

43 1431 207 1479 'Salutate
229 1437 336 1474 etiam
357 1448 442 1473 eum
475 1435 543 1476 illis
569 1442 682 1476 totam
715 1450 843 1476 eorum
875 1435 1046 1478 familiam
1065 1435 1253 1479 Christia-

0 1505 93 1548 nam.
122 1491 281 1534 Salutate
308 1492 557 1548 Epaenetum‚
589 1496 681 1536 mihi
713 1496 990 1548 charissimum,
1021 1501 1107 1551 qui,
1138 1501 1254 1540 mein

0 1551 86 1595 Asia
105 1555 344 1608 praedicante,
366 1559 502 1608 primus
526 1560 563 1597 in
587 1555 773 1599 Christum
793 1559 970 1613 credidit,
992 1568 1123 1614 estque
1146 1576 1252 1604 meus

0 1614 196 1663 iu„C11risto
213 1620 476 1670 primogenitus
491 1634 546 1671 ‚ex
571 1619 638 1660 hac
660 1622 860 1674 provincia.

22 1723 27 1730 4
44 1675 207 1724 Salutate
221 1676 375 1720 Mariam
392 1709 403 1729 ‚
426 1695 505 1734 quae
523 1696 589 1735 pro
607 1683 716 1723 vobis
736 1682 890 1723 multllm
905 1682 1101 1726 laboravit.

45 1743 210 1789 Salutate
240 1748 495 1792 Andronicum
520 1760 557 1792 et
573 1750 750 1803 Juniam‚
776 1768 923 1796 mecum
943 1759 1128 1809 sanguinis
1160 1761 1251 1800 vin-

0 1808 71 1851 :ulo
93 1810 240 1864 ligatos,
274 1818 308 1851 et
335 1813 432 1864 quod
460 1816 574 1865 majus
606 1822 662 1855 est
676 1844 688 1867 ,
710 1819 918 1868 passionum
935 1847 947 1868 ‚
966 1818 1015 1858 ob
1035 1816 1221 1863 Christum
1236 1851 1250 1874 ,

0 1885 28 1922 n
57 1886 199 1915 carcere
235 1888 380 1915 mecum
405 1879 620 1929 pa1-ticipes;
644 1879 705 1930 qui
727 1886 814 1920 sunt
828 1879 980 1922 illustres
999 1884 1093 1924 inter
1119 1881 1251 1926 Evan-

0 1933 72 1988 gelii
109 1950 321 1990 praecone53
350 1946 385 1979 et
415 1941 452 1979 in
473 1938 545 1980 hoc
560 1955 621 1982 me
639 1942 871 1995 praecettunt,
897 1943 997 1999 qubd
1029 1947 1168 1998 priores
1187 1961 1250 1988 me

0 1988 133 2041 :bristo
162 2002 406 2044 crediderunt.

39 2057 194 2105 Salutate
210 2061 403 2120 Ampliam
417 2097 428 2119 ‚
445 2066 534 2108 mihi
552 2069 600 2108 ob
617 2071 794 2122 pietatem
815 2069 1082 2116 charissimum.

37 2203 196 2250 Salutate
222 2206 434 2262 Urbanum,
464 2228 588 2255 meum
617 2216 656 2255 in
687 2217 941 2270 promovenda
969 2213 1107 2259 Christi
1134 2216 1247 2270 gloria

0 2273 256 2379 zeperanum,
282 2273 462 2330 hujusque
478 2284 686 2321 consortem
705 2277 889 2335 stachyn,
907 2279 1000 2323 mihi
1021 2285 1246 2336 magnopere

0 2364 4 2373 ,
30 2348 144 2381 arum.
