1410 2554
14 78 15 84 ἵ
339 87 518 132 Tmarii
534 84 780 129 'itxrosmm
792 85 895 139 vop.
911 81 1036 125 VIII.
1249 92 1328 137 ¹79

0 145 2 213 Ξ
51 160 246 206 'haeredes'
256 159 332 203 Dei
348 163 493 208 sumus,
516 164 557 200 ut
574 158 639 199 filii
653 155 908 207 ;>cohaeredes
926 154 1091 206 Christi,
1110 161 1150 195 ut
1169 153 1294 195 fratres
1319 170 1327 192 :

69 230 100 269 si
122 234 245 268 tamen
261 240 345 266 cum
367 239 413 266 eo
436 225 591 278 patimur
604 253 617 274 ‚
649 229 686 264 et
707 236 781 277 quo
797 234 924 276 passus
937 227 993 262 est
1022 220 1171 269 animo,
1186 224 1226 259 ut
1248 218 1327 269 ejus

67 291 195 345 gloriae
215 293 328 332 simus
349 290 559 342 participes.

78 348 82 351 ’
125 351 341 403 Neminem,
356 350 538 392 deterreat
565 347 647 389 haec
678 348 847 401 apposita'
862 346 1038 387 conditio.
1067 342 1218 385 Etenim
1253 350 1325 383 tam

69 417 254 457 numerus
262 405 435 455 est-'haee
455 412 613 453 filim
631 405 850 459 haereditas,
867 416 907 450 ut
926 410 959 449 si
988 411 1026 448 in
1051 420 1163 448 unam
1176 408 1326 448 trutinae

53 478 212 520 „lancem
242 473 381 529 injicias
414 477 539 516 omnia
567 474 675 526 hujus
699 476 789 514 vitae
815 473 937 521 matu
969 474 1008 513 in
1043 472 1194 514 alteram
1219 470 1326 521 hujus

70 539 295 581 haereditatis
323 541 445 591 bona,
476 538 556 579 haec
580 537 825 592 propendebit
845 541 1088 583 immensum;
1123 537 1208 588 quia
1234 533 1329 575 nulla

69 605 271 661 proportio.
554 646 557 649 ,

119 663 247 708 ‘Tanta
267 666 384 708 futura
415 671 471 706 est
498 665 580 706 haec
599 664 759 704 filiorum
789 661 863 705 Dei
894 662 1008 718 gloria
1025 692 1037 713 ‚
1067 669 1106 703 ut
1127 676 1208 702 eam
1238 663 1329 713 ipsae

69 724 300 774 insensibiles
331 731 503 771 creaturae
544 731 655 771 anxie
685 735 722 769 et
754 728 904 769 sollicite
927 733 1172 782 exspectent,
1209 729 1243 767 ei
1261 740 1328 767 suo

66 792 183 835 modo
200 795 476 846 participaturae.

89 849 308 899 ‘Universa
343 856 484 907 quippe
505 854 633 894 mundi
657 853 826 894 machina
843 883 853 902 ,
878 860 916 894 ut
936 852 1131 893 hominurn
1158 852 1328 892 necessi-

68 921 204 962 tatibus
237 921 422 960 observiat
441 948 452 968 ,
489 920 673 957 continuae
704 917 894 956 mutationi
916 922 955 955 et
989 915 1211 966 corruptioni
1246 912 1325 951 ob-

66 986 180 1024 noxia
217 990 295 1028 est;
330 996 409 1022 non
436 987 569 1035 sponte
605 978 690 1029 sua,
727 978 797 1019 sed
831 979 1094 1032 obtemperans
1124 978 1189 1026 ei,
1227 976 1328 1025 onius

67 1043 255 1085 voluntate
277 1043 470 1084 hominum
489 1043 655 1082 servituti
675 1041 818 1082 addicta
832 1048 885 1082 est
901 1058 910 1088 ;
929 1042 1060 1081 nonin
1084 1044 1299 1093 perpetuum
1313 1065 1324 1082 .

65 1103 134 1146 sed
153 1104 199 1145 ad
217 1109 382 1157 tempus,
407 1110 444 1145 et
477 1101 571 1144 saeta
596 1102 645 1143 illi
674 1115 741 1156 spe
772 1101 998 1143 liberationis
1015 1103 1036 1141 a
1066 1100 1264 1149 servitute,
1287 1095 1329 1137 iri

6 1168 11 1182 '
72 1168 267 1210 universali
282 1170 421 1210 sciiicet
436 1169 715 1208 resurrectione.

120 1229 236 1272 Hunc
256 1246 344 1284 ergo
376 1232 476 1272 diem
497 1236 633 1271 attenta
660 1237 895 1285 prospectat,
926 1233 1010 1284 quia
1022 1236 1059 1271 et
1094 1231 1172 1285 ipsa
1192 1235 1278 1271 tunc
1304 1229 1324 1266 ὲ

67 1295 243 1336 servitute
275 1300 312 1334 et
348 1298 369 1334 a
397 1295 630 1346 corruptione
666 1293 899 1345 liberabitur,
935 1300 972 1335 et
999 1295 1046 1337 ab
1062 1292 1131 1334 hac
1150 1294 1327 1334 servitute

65 1357 300 1399 transferetur
317 1359 356 1398 in
390 1358 596 1399 libertatem
611 1357 769 1399 similem
791 1357 948 1399 libertati
970 1358 1139 1412 gloriosae
1169 1357 1325 1398 filiorum

63 1418 157 1464 Dei.

118 1479 322 1536 Propterea
338 1497 468 1525 omnes
485 1491 660 1526 creaturae
695 1484 804 1525 simul
826 1486 1028 1538 suspirant,
1048 1491 1084 1526 et
1102 1483 1211 1525 simul
1227 1497 1325 1526 con-

65 1545 211 1597 dolent,
232 1562 367 1602 magno
387 1550 489 1602 quasi
509 1547 655 1590 seminae
689 1551 921 1604 parturientis
953 1549 1106 1595 dolore;
1126 1562 1228 1590 suam
1243 1578 1257 1600 ,
1275 1549 1323 1589 ab

64 1614 168 1653 initio
203 1614 331 1655 mundi
357 1629 474 1668 usque
509 1629 608 1655 nunc
627 1645 640 1666 ,
668 1615 926 1657 liberationem
960 1621 1218 1668 exspectantes
1237 1627 1321 1656 curn

62 1678 214 1729 gemitu.

50 1756 73 1767 2
116 1734 205 1780 Non
228 1738 346 1780 solum
381 1746 502 1780 autem
540 1741 772 1783 insensibiles
797 1747 969 1783 creaturae
998 1740 1115 1782 taliter
1142 1748 1319 1794 gemunt:

61 1798 130 1839 sed
151 1805 190 1840 et
215 1813 284 1840 nos
307 1802 376 1853 ipsi
393 1798 583 1852 Apostoli,
606 1804 666 1855 qui
686 1800 809 1843 Sancti
827 1800 986 1854 Spiritus
1003 1804 1179 1855 primitias
1208 1815 1319 1842 rene—

62 1862 181 1914 pimus
207 1861 305 1904 tanta
334 1878 418 1904 curn
447 1864 698 1915 abundantiass
729 1874 768 1909 ut
804 1867 902 1919 pleni
932 1873 971 1907 et
1003 1866 1102 1907 beati
1127 1879 1319 1920 possemus

63 1924 180 1965 videri
200 1941 209 1971 ς
228 1932 387 1968 attamen
401 1930 539 1980 gravati
562 1942 716 1982 corpore
734 1932 861 1972 mortis
879 1929 1007 1981 hujus,
1019 1933 1112 1971 intra
1127 1944 1196 1970 nos
1217 1932 1318 1983 ipsos

61 1989 241 2038 gemimus
254 2017 267 2036 ,
295 1988 507 2031 anhelantes
523 1991 569 2031 ad
588 1992 732 2045 plenam
769 2000 805 2034 et
826 2000 1119 2034 consummatam
1142 1992 1317 2046 adoptio-

61 2059 162 2096 nem,
179 2049 248 2100 quzi
267 2063 420 2103 corpore
439 2057 579 2098 nostro.
602 2066 651 2093 ex
670 2053 831 2105 mortali,
844 2053 1039 2093 immortali
1058 2052 1168 2104 sacto,
1182 2053 1317 2095 libera·

61 2105 182 2150 bimur
198 2109 244 2149 ab
265 2111 436 2151 omnibus
453 2114 626 2154 miseriis.

116 2169 267 2214 Etenim
285 2189 351 2229 spe
374 2180 537 2226 tanturn,
568 2179 736 2220 nondum
754 2193 797 2220 re
812 2209 824 2230 ‚
846 2180 935 2221 salvi
956 2181 1040 2222 sacti
1057 2195 1182 2222 sumus
1202 2195 1213 2229 ς
1231 2196 1316 2235 spes

59 2243 180 2278 autem
201 2252 275 2278 non
296 2244 354 2280 est'
380 2241 426 2282 de
454 2257 493 2283 re
515 2247 685 2296 praesenti
705 2252 742 2286 et
771 2258 856 2298 quae
885 2253 1056 2295 tenetur;
1092 2247 1192 2300 quod
1214 2250 1315 2288 enirn

58 2299 171 2344 habet
189 2310 226 2345 et
245 2305 495 2359 tenethomo,
519 2308 608 2350 illud
625 2324 688 2351 cur
709 2318 831 2365 speret
848 2306 869 2352 ἐ’
