1410 2554
97 52 178 103 nol,
458 56 680 94 ’carnotas
696 48 758 92 'nn
777 59 981 109 nonanes

95 129 153 163 tus
175 129 253 172 est,
276 128 310 163 ct
323 122 504 165 convertit
525 126 564 164 in
584 122 750 170 bonum3
770 120 823 168 sicss
838 130 875 164 et
895 123 1027 172 nobis,
1047 122 1127 163 filiis
1143 123 1217 163 suis
1235 121 1355 177 adop·

95 185 202 234 tivis,
231 185 381 235 omnia,
414 187 648 237 quantumvis
678 183 767 224 dura
795 191 832 224 et
862 185 1015 234 acerba,
1037 185 1292 238 cooperabitur
1315 190 1354 226 et

95 256 287 290 convertet
300 251 336 290 in
355 251 513 291 bonum.
1179 260 1183 265 '
1287 301 1289 303 ¹

151 309 199 358 Ῠ.
219 314 284 356 30.
307 312 412 368 Quos
425 324 550 355 autem
563 317 864 368 pradestinavit,
880 323 949 357 etc.
969 313 1022 356 D.
1038 313 1349 372 Chrysostomus‚

95 378 228 431 aliique
246 375 376 418 Patres
390 374 514 417 Graeci
528 408 538 426 ‚
556 379 635 427 ejus
655 390 851 430 sequaces,
875 379 927 416 sic
947 375 1151 430 explicant:
1170 388 1262 429 quos
1280 390 1355 417 νο-

97 441 214 490 cavit,
234 441 304 481 hos
308 440 537 493 justificavit
554 453 621 494 per
637 442 922 493 regenerationis
940 440 1120 480 lavacrum
1135 454 1144 486 3
1169 454 1262 493 quos
1282 453 1354 480 au-

99 509 173 542 tem
186 501 435 555 justificavit,
454 502 522 541 hos
554 509 590 540 et
615 501 839 553 glorificavit
863 515 929 555 per
949 501 1069 548 dona,
1093 513 1159 553 per
1172 495 1354 552 adoptio-

98 581 210 616 nem;
233 583 320 617 seu,
359 574 398 607 ut
425 569 473 607 ait
489 565 777 616 Theodoram,
808 567 901 606 filios
928 568 1149 615 nominans,
1175 570 1211 604 et
1228 562 1354 606 Sancti

96 625 252 682 Spiritus
267 630 302 669 ei
323 629 413 667 dans
430 629 595 681 gratiam.
616 625 668 667 Ita
690 635 726 667 et
742 622 1060 680 Theophylactus.

150 689 280 744 ltaque
295 688 536 742 glorificavit,
555 701 631 728 non
649 689 852 742 intelligunt
865 688 911 728 de.
920 689 1029 740 gloria
1049 694 1202 737 aeterna,
1219 687 1287 728 sed
1306 686 1355 728 de

97 756 209 809 gloria
225 756 314 802 vitaev
322 755 526 807 praesentis,
540 751 677 792 scilicet
691 751 738 790 de
755 751 952 802 adoptione
965 756 998 789 ct
1016 745 1192 789 filiatione
1207 749 1352 789 divina:

99 823 134 857 et
162 816 265 856 savet
298 813 364 854 illis
385 814 540 854 verbum
560 810 734 852 Graecum
937 840 949 860 ‚
971 811 1070 863 quod
1100 811 1192 850 verti
1215 810 1361 863 potest:

97 880 280 928 celebres,
314 891 491 929 magnos²
526 883 562 917 ct
588 876 766 928 gloriosos
794 873 928 914 effecit.
958 872 1108 914 Revera
1135 871 1358 916 Ambrosius

95 942 210 985 habet
223 971 233 990 ‚
254 940 514 994 magnificavit
527 940 626 994 quod
644 939 802 993 explicat
819 955 827 976 :
845 935 1098 991 magnificavit
1115 938 1218 991 illos,
1239 928 1280 979 ut
1301 941 1358 979 si-

97 1006 204 1048 mites
218 1005 303 1046 fiant
322 1002 418 1045 Filio
431 1002 521 1045 Dei.

152 1064 346 1108 Absolutae
372 1072 409 1107 et
433 1069 537 1107 mere
566 1067 731 1118 gratuitae
757 1063 1095 1116 praedestinationis
1124 1064 1170 1104 ad
1205 1064 1357 1116 gloriam

97 1135 390 1186 propugnatores
404 1158 414 1178 ,
437 1129 567 1169 volunt
585 1126 648 1167 lile
671 1134 742 1167 tres
760 1128 968 1180 praecipuos
987 1125 1094 1179 hujus
1111 1126 1360 1180 praedestina-

99 1195 210 1234 tionis
231 1191 417 1241 effectu&
438 1204 485 1232 ex
503 1187 575 1230 Dei
597 1191 785 1243 proposito
816 1188 1085 1243 procedentes,
1127 1191 1332 1231 enumerari
1346 1218 1360 1242 ,

101 1258 229 1310 sicque
251 1255 458 1308 explicant:

159 1320 263 1372 Quos
285 1318 331 1358 ad
351 1318 507 1370 gloriam
531 1317 685 1368 gratuito
700 1315 999 1367 praedestinavit,
1022 1315 1090 1354 hos
1106 1320 1143 1355 et
1163 1312 1359 1355 efficaciter

99 1382 248 1426 vocavit
265 1380 311 1420 ad
332 1378 468 1425 fidem;
490 1380 543 1419 sie
561 1384 710 1417 vocatos
729 1377 895 1429 justificat
912 1391 977 1431 per
993 1379 1143 1429 gratiam
1160 1382 1195 1416 et
1214 1375 1360 1416 finalem

99 1446 140 1485 in
154 1458 197 1485 ea
213 1443 521 1497 perseverantiam
536 1455 547 1487 ;
565 1440 714 1480 tandem
735 1454 801 1480 suo
817 1447 983 1492 tempore
1001 1439 1174 1492 glorificat
1186 1451 1270 1488 εοε,
1291 1435 1360 1478 Fi-

99 1507 222 1562 lioque
236 1521 302 1547 suo
320 1506 520 1559 glorificato
537 1503 657 1544 reddit
673 1502 895 1544 conformes.

155 1566 206 1608 Et
220 1567 259 1607 hi
287 1574 359 1607 tres
377 1565 528 1606 effeetus
547 1579 614 1618 per
634 1565 747 1606 verba
765 1567 937 1618 praeteriti
956 1566 1130 1619 temporis
1145 1563 1362 1617 significan-

102 1636 179 1680 tur3
200 1633 281 1684 quia
297 1631 380 1671 licet
409 1643 486 1670 non
508 1641 635 1669 omnes
651 1628 756 1669 electi
779 1629 852 1678 jam
871 1631 943 1669 sint
963 1631 1102 1680 vocati,
1122 1623 1307 1680 justificati
1324 1630 1362 1667 et

101 1682 290 1747 glorificati
306 1710 314 1734 :
330 1693 411 1733 haee
427 1698 550 1732 tamen
573 1692 611 1732 in
630 1691 755 1730 divina
774 1691 1003 1744 praescientia
1020 1691 1123 1743 quasi
1143 1688 1363 1728 transierunt

101 1766 140 1799 et
156 1758 247 1799 facta
269 1764 378 1807 sunt,
398 1762 433 1796 et
452 1757 649 1796 certissime
669 1753 798 1794 sutura.

160 1821 236 1875 Qui
267 1826 357 1864 vero
373 1821 731 1876 praedestinationem
750 1818 794 1859 ad
813 1817 962 1872 gloriam
991 1823 1115 1872 putant
1133 1829 1180 1858 ex
1199 1815 1364 1869 praevisis

102 1888 266 1937 meritis,
297 1891 504 1938 negantque
522 1878 589 1923 hic
621 1883 668 1923 de
692 1881 1012 1937 praedestinatione
1035 1880 1081 1921 ad
1099 1879 1251 1933 gloriam
1278 1878 1364 1932 agi,

102 1948 170 1990 aed
195 1947 242 1988 de
261 1943 583 2000 praedestinatione
602 1945 647 1985 ad
666 1945 877 1997 patientiam
892 1973 902 1991 ‚
921 1956 985 1983 seu
1005 1942 1051 1982 ad
1069 1940 1363 1982 conformitatem

103 2023 187 2050 cum
202 2005 350 2049 Christo
367 2010 527 2062 patiente
541 2036 552 2057 ‚
575 2009 635 2061 qui
656 2012 705 2047 tot
723 2014 759 2046 et
778 2011 873 2046 tanta
892 2019 957 2059 pro
978 2005 1088 2045 nobis
1104 2003 1294 2052 sustinuit,
1309 2000 1363 2040 sic

104 2069 308 2125 explicante

164 2133 268 2187 Quos
288 2139 410 2174 autem
429 2127 531 2171 Deus
560 2130 840 2183 praedesttnaoit
862 2129 908 2170 ad
933 2127 1141 2185 praedictam
1159 2137 1243 2165 cum
1265 2119 1364 2165 Fitio

107 2210 174 2238 suo
194 2195 484 2238 conformitatem
506 2196 541 2233 in
561 2193 695 2246 gratia,
718 2196 755 2233 in
773 2193 966 2246 patientia,
986 2197 1056 2232 etc.
1075 2191 1142 2229 hos
1158 2187 1306 2229 vocavit
1317 2181 1366 2226 ad

105 2262 318 2315 passiones:
336 2271 459 2300 earum
477 2270 612 2310 nempe
625 2270 750 2297 causas
769 2269 844 2295 non
855 2258 994 2295 tantum
1010 2268 1086 2295 non
1105 2248 1362 2308 impediendo,

105 2322 172 2364 sed
203 2328 239 2364 et
270 2319 528 2376 disponendo:
550 2317 797 2372 permittendo
831 2316 968 2357 scilicet
990 2314 1174 2362 daemoni,
1198 2308 1360 2357 mundo,
