1410 2554
64 74 148 130 294.
418 82 635 117 ms‘romss
665 85 721 115 An
749 69 944 115 norimus

1227 272 1251 296 ι

539 306 852 348 Commentarius.

66 458 125 514 ss.
145 410 339 503 1.Dtco
365 476 450 512 ergo
477 476 490 497 ··
513 461 554 502 N
554 463 711 515 umqur’d
726 463 829 503 'Deus
848 464 981 516 repuli!
993 465 1215 518 populana..
1230 461 1328 517 Quia

71 527 240 580 superius
269 524 364 566 dtxit
382 523 532 566 Judaeos
549 528 598 567 ob
619 526 905 567 incredulitatem
920 542 1022 568 suam
1053 531 1073 568 a
1097 524 1184 570 Deo
1204 532 1329 581 rejec-

66 597 136 630 tos·
161 595 198 629 e't
223 591 244 628 ὲ
272 583 407 640 iustitia
430 585 633 638 cecidisse,
668 595 799 641 gentes
827 596 948 629 autem
982 588 1250 643 propterfidem
1281 592 1330 632 ad

67 651 243 703 iustitiam
272 650 427 693 ὃδῦἱῐὸὃς
465 650 591 700 objicit
613 651 681 689 sibi
705 663 770 703 per
797 651 1124 702 interrogationem
1151 646 1330 705 :Ergone

70 719 277 753 verum·est
293 712 391 764 quod
411 710 522 751 Deus
546 712 722 764 populum
749 726 855 752 suum
874 713 1065 765 repulerit,
1098 727 1146 754 ne
1162 713 1224 754 fiat
1245 728 1330 767 par·
1345 738 1356 743 -

68 776 187 828 ticeps
205 774 506 814 benedictionum
525 777 562 814 in
581 773 729 814 Christo
749 773 1036 827 promissarum?

127 838 252 878 Absit.
275 835 498 888 Respondet
522 837 621 890 quod
638 851 734 884 non;
757 837 867 890 idque
885 851 951 877 suo
978 838 1107 890 probat
1124 839 1296 891 exemplo
1320 857 1332 880 z

71 900 181 941 Nam
201 907 238 939 et
251 914 316 951 ego
335 900 510 939 Israelita
528 914 610 938 sum
624 928 638 948 ,
659 905 696 939 et
714 906 839 940 tamen
860 899 999 949 fidelis,
1018 898 1244 941 Christianus
1260 931 1272 950 ,
1297 907 1335 941 et

71 961 293 1016 Apostolus.

139 1023 195 1076 ᾖ.
218 1041 255 1065 2.
274 1024 365 1064 Non
386 1026 518 1077 repulit
538 1024 641 1063 Deus
656 1026 800 1074 plebem
824 1041 931 1065 suam
943 1054 957 1074 ,
981 1041 1093 1078 quam
1119 1028 1333 1079 proescioitg

80 1087 122 1127 id
137 1093 214 1136 est,
236 1101 313 1127 non
331 1088 460 1140 repulit
485 1100 566 1127 eam
590 1085 708 1137 plebis
723 1100 800 1128 suae
824 1094 987 1139 partem,
1012 1102 1118 1141 quam
1147 1090 1333 1140 praescivit

77 1152 231 1204 gratiam
255 1151 323 1190 sibi
343 1154 453 1202 gratis
473 1149 632 1195 oblatam
652 1154 783 1201 sponte
795 1149 1046 1201 admissuram,
1067 1149 1145 1190 fore
1160 1150 1308 1191 fidelem
1322 1180 1336 1201 ,

80 1220 118 1254 et
136 1215 173 1253 in
192 1209 381 1251 Christum
399 1211 631 1258 credituram.

137 1275 201 1315 An
222 1275 372 1313 nescitis
389 1274 428 1311 in
445 1273 555 1320 Elia,
577 1273 613 1311 id
631 1279 686 1312 est
704 1303 714 1323 ‚
735 1275 773 1313 in
792 1271 884 1313 Eliae
904 1288 1060 1325 persona
1081 1291 1090 1320 ;
1111 1274 1170 1315 vel
1191 1275 1238 1315 de
1256 1272 1341 1315 Elia

81 1351 149 1390 per
162 1335 441 1376 Hebraismum.
458 1331 522 1373 An
540 1337 690 1374 nescitis
712 1336 800 1387 quid
815 1334 998 1387 Scriptura
1012 1335 1050 1376 3.
1074 1335 1174 1388 Reg.
1194 1345 1257 1387 ¹9·
1273 1337 1341 1377 di-

85 1407 166 1448 cat,
188 1400 252 1439 ubi
268 1396 366 1439 Elias
390 1397 469 1437 zelo
498 1395 570 1439 Dei
592 1403 711 1436 motus
728 1426 738 1446 ‚
767 1398 981 1451 colloquitur
1000 1414 1083 1439 cum
1114 1398 1198 1440 Deo
1216 1406 1343 1440 contra

83 1459 284 1513 Israelem,
306 1463 406 1516 quasi
431 1467 526 1502 totus
544 1464 565 1500 ὲ
581 1459 657 1500 Dei
674 1461 769 1501 cultu
788 1461 985 1513 defecerit,
998 1469 1035 1502 ct
1052 1461 1098 1501 ad
1116 1464 1344 1516 impietatem

85 1534 122 1568 et
136 1527 374 1568 idololatriam
396 1520 566 1578 delapsus
587 1523 722 1564 suerit?

145 1589 200 1643 Υ.
219 1589 258 1630 3.
289 1589 475 1634 Domine,
507 1587 708 1639 prophetas
736 1594 818 1627 tuos
851 1587 1105 1641 occiderunt...
1137 1585 1234 1628 Hoec
1258 1586 1346 1628 dicit

87 1650 188 1694 Elias
207 1664 365 1692 moerore
391 1649 606 1699 consectus,
633 1654 668 1688 et
692 1651 814 1689 omnia
836 1656 966 1703 putans
995 1649 1203 1702 deperdita,
1231 1663 1347 1701 seque

88 1717 208 1757 solum
228 1713 302 1756 Dei
324 1714 499 1754 cultorem
520 1714 733 1752 existimans
759 1726 840 1753 esse
871 1716 1118 1765 superstitem.
1142 1710 1225 1752 Nec
1245 1713 1348 1752 enim

89 1777 198 1820 Deus
220 1774 429 1829 Prophetas
447 1787 532 1813 suos
551 1773 598 1813 de
619 1775 789 1814 omnibus
811 1781 929 1814 certos
950 1773 1058 1824 facit,
1080 1772 1147 1814 sed
1165 1771 1232 1812 illis
1249 1784 1350 1824 saepe

91 1848 129 1883 et
160 1841 284 1882 electis
319 1840 393 1878 suis
428 1837 634 1878 manifestat
669 1840 807 1876 tantum
836 1835 927 1876 mala
949 1849 1030 1889 quae
1060 1835 1172 1883 liunt,
1210 1841 1246 1875 et
1267 1845 1350 1887 qum

90 1902 218 1945 Deum
242 1902 487 1948 inhonorant;
530 1907 568 1941 ut
595 1900 672 1940 illos
703 1907 872 1941 exerceat
893 1907 930 1940 et
965 1901 1120 1953 probet,
1150 1909 1351 1950 eorumque

92 1966 213 2008 zelum
236 1965 423 2006 accendat.

150 2030 304 2069 Altaria
326 2034 393 2067 tua
413 2023 672 2077 suffuderunt,
692 2024 728 2065 id
748 2032 825 2074 est,
846 2027 882 2065 in
899 2023 951 2066 tui
965 2029 1217 2076 contemptum
1233 2034 1351 2062 ever-

93 2097 228 2132 terunt.
253 2088 351 2131 Haec
377 2089 495 2130 altaria
510 2118 521 2137 ‚
542 2088 589 2127 de
614 2088 745 2142 quibus
770 2087 855 2139 tue,
873 2094 973 2128 erant
995 2087 1051 2127 itta
1071 2098 1151 2139 quae
1168 2086 1204 2125 in
1221 2083 1353 2124 decem

93 2153 260 2194 tribubus
279 2150 388 2192 lsrael
413 2157 515 2191 erant
536 2152 571 2189 in
594 2150 747 2190 excelsis
763 2156 944 2191 exstructa
960 2178 972 2199 ‚
998 2155 1165 2201 tempore
1184 2161 1256 2200 quo
1274 2159 1356 2187 non

93 2214 371 2268 permittebatur
386 2212 432 2253 ad
451 2210 626 2265 templum
647 2213 720 2259 ire;
741 2214 865 2265 sicque
891 2225 1033 2252 cessare
1071 2210 1265 2251 videbatur
1292 2208 1355 2250 lex

96 2268 254 2318 Ucuter.
290 2272 353 2315 16.
381 2290 420 2315 2.
446 2286 529 2327 qum
552 2273 588 2313 id
615 2273 693 2313 fieri
718 2275 876 2315 vetabat.
906 2272 1003 2314 llaec
1027 2273 1148 2313 altaria
1167 2271 1289 2324 -impie
1307 2271 1356 2311 ab
1398 2272 1401 2278 '

98 2335 232 2380 Achab
255 2343 292 2378 et
312 2334 466 2377 Jezabel
483 2348 611 2376 eversa
628 2342 731 2387 sunt,
765 2338 848 2390 quia
877 2349 925 2377 ex
950 2336 1038 2376 odio
1057 2331 1138 2376 Dei
1164 2332 1356 2386 cultusque
