1410 2554
123 71 206 124 146
427 93 435 99 ·
477 83 685 114 msa-omn
713 77 774 113 ‘sn‘
799 76 1009 115 n'o'ufflos

115 147 236 188 lentur
245 151 415 198 peccata,
444 149 482 184 et
498 145 675 196 quantum
688 142 735 182 ad
744 142 887 195 cuipam
900 149 938 183 et
963 147 1139 197 quantum
1153 146 1199 187 ad
1215 160 1382 200 poenam.

170 207 402 261 Sepulturam
422 200 562 246 Christi
581 206 692 246 nobis
724 205 900 259 applicat,
925 212 966 246 ut
997 220 1062 259 per
1091 221 1174 250 eam
1202 211 1313 252 corde
1345 219 1384 253 et:

115 269 252 327 affectu
267 273 289 309 a
308 268 450 309 mundo
469 281 681 321 separemur
693 296 704 316 ‚
726 269 828 320 quasi
846 268 885 306 in
903 274 998 308 terra
1013 269 1159 321 sepulti.

166 331 493 374 Resurrectionem
513 329 650 372 Christi
666 332 774 372 nobis
790 333 844 382 sic
861 331 1034 385 applicat,
1053 339 1092 372 ut
1110 347 1175 386 per
1193 333 1293 375 hanc
1305 349 1380 390 ap-

121 394 380 452 plicationem,
398 398 531 448 gratia,
557 408 640 448 quae
666 396 740 435 vita
762 395 887 436 divina
906 402 962 436 est
976 425 988 446 ,
1010 397 1119 437 nobis
1148 397 1252 439 detur
1268 400 1383 450 etius

115 459 320 501 habeamus
330 460 375 499 ad
392 460 557 512 gtoriam.
579 457 634 509 Jff.
653 458 692 508 4.

172 521 232 564 3.⁰
250 521 462 575 Baptismus
482 527 538 563 est
562 523 720 562 imitatio
742 523 870 562 mortis
890 552 900 572 ‚
920 522 1117 575 sepulturae
1143 531 1180 566 et
1194 538 1385 567 resurrec-

125 584 237 627 tionis
254 579 412 626 Christi.

168 646 410 701 Baptizamur
427 647 467 685 in
489 653 644 685 mortem
661 647 805 698 ἱρείας,
825 646 871 686 ad
888 647 984 687 illam
1003 647 1232 689 imitandam.

173 708 390 760 Consepulti
404 722 534 746 sumus
553 709 594 746 in
616 715 790 754 mortam,
814 707 850 747 id
866 715 940 756 est,
961 715 999 748 ut
1017 711 1227 749 moriamur.

167 767 280 821 Quod
290 766 441 808 Christo
454 783 558 817 crux,
569 769 642 808 hoc
651 770 968 830 nobisbapffwna:
983 768 1149 810 Christus
1159 770 1222 811 suit
1234 773 1268 811 in
1279 786 1386 813 cruce

120 832 232 879 fixus,
254 836 293 870 ut
307 829 510 869 secundum
526 843 672 870 carnem
687 837 901 876 moreretur;
917 845 986 870 nos
997 832 1240 884 baptizamur,
1251 840 1291 873 ut
1302 848 1387 874 mo·

120 897 258 935 riamur
273 899 448 945 peccato;
468 893 784 946 concrucifigimur
804 903 845 932 ut
860 895 1056 933 aboleatur
1078 909 1210 946 corpus
1229 897 1389 947 peccati.

181 956 278 999 Haec
300 970 400 996 mors
428 957 541 997 debet
560 971 641 997 esse
666 959 898 1001 continuaet
934 959 971 997 in
991 958 1071 997 dies
1092 953 1326 999 cresceres.
1347 959 1387 1010 4.

183 1019 405 1073 Consepulli
429 1036 558 1060 sumus
575 1024 614 1060 in
649 1028 803 1059 mortem
808 1050 825 1070 ,
846 1027 885 1060 ut
912 1024 1040 1061 revera
1066 1020 1164 1060 velut
1191 1023 1325 1062 mortui
1348 1028 1387 1062 et

139 1082 302 1135 sepulti,
325 1082 461 1122 nullum
478 1082 677 1123 habeamus
697 1097 779 1123 cum
807 1090 956 1135 peccato
976 1089 1012 1123 et
1032 1083 1171 1122 mundo
1193 1097 1386 1125 commer-

125 1149 225 1188 cium
258 1161 267 1184 :
294 1158 357 1185 cor
377 1174 387 1193 ‚
418 1159 526 1185 mens
541 1175 553 1195 ,
577 1159 706 1186 sensus
736 1147 852 1186 nostri
870 1148 941 1185 sint
967 1148 1049 1186 sine
1065 1145 1196 1185 assectu
1209 1148 1304 1186 circa
1326 1160 1388 1188 res

121 1205 244 1248 saecuii
260 1220 271 1252 ς
297 1206 342 1245 ab
357 1208 410 1246 eis
429 1214 553 1246 mente
567 1213 604 1246 et
618 1206 728 1246 corde
743 1206 871 1246 saltem
890 1208 1004 1246 simus
1022 1207 1202 1246 abstracti.
1223 1205 1278 1258 JV.
1295 1223 1334 1260 7.

125 1263 127 1266 ⁴
177 1264 240 1307 Ex
258 1266 359 1316 aquis
385 1268 593 1318 exurgimus
609 1296 621 1316 ‚
640 1272 679 1305 ut
708 1267 745 1305 in
765 1267 927 1305 novitate
957 1267 1043 1305 vitae
1072 1265 1300 1306 ambulemus
1316 1296 1327 1318 ,
1349 1267 1389 1307 in

122 1332 275 1386 gratiam
287 1341 433 1382 semper
449 1329 691 1383 proficiamus.
710 1327 766 1379 Υ.
782 1329 821 1378 l„

183 1392 272 1431 Hoc
303 1390 482 1437 scientes,
522 1396 558 1429 et
587 1388 684 1429 hanc.
712 1389 914 1429 mirabilem
937 1395 1098 1428 nostram
1128 1402 1211 1429 cum
1238 1385 1389 1433 Christo

126 1453 429 1493 communionem
448 1451 485 1491 in
508 1457 635 1490 mente
651 1462 796 1501 semper
814 1448 996 1490 babentes
1018 1461 1028 1483 τ

188 1519 240 1555 1.⁰
258 1512 326 1554 Ob
358 1527 439 1554 eam
460 1511 545 1553 Deo
563 1515 693 1566 gratias
710 1526 876 1564 agamus,
904 1514 968 1565 qm·
998 1526 1066 1551 nos
1090 1510 1322 1563 gratificavit
1346 1511 1390 1550 ia

126 1573 262 1616 dileclo
286 1574 388 1615 Filio
417 1589 483 1613 suo
499 1603 509 1622 ‚
536 1575 575 1613 in
602 1588 672 1625 quo
702 1574 882 1612 habemus
905 1572 1192 1624 redemptionem
1209 1587 1277 1624 per
1294 1586 1392 1612 san-

127 1640 278 1692 guinem
301 1636 382 1688 ejus
394 1666 406 1684 ,
429 1637 683 1675 remissionem
703 1642 954 1687 peccatorum.
970 1632 1112 1687 Ephes.
1132 1650 1164 1675 r.
1179 1632 1218 1674 6.

166 1706 238 1757 ¹2.⁰
255 1698 354 1740 Haec
374 1702 438 1739 tria
456 1700 638 1752 mysteria
651 1727 662 1747 ‚
682 1705 868 1750 mortem,
892 1696 1111 1749 sepulturam
1146 1703 1184 1737 et
1202 1710 1392 1737 resurrec-

133 1766 278 1806 tionem
305 1760 441 1802 Christi
463 1761 565 1802 sactis
589 1767 627 1801 et
642 1761 808 1801 moribus
836 1766 1165 1813 repraesentemus:
1189 1763 1277 1799 vere
1297 1772 1395 1813 pec-

135 1831 217 1867 cato
240 1825 372 1864 mortui
390 1825 525 1867 simus:
550 1825 571 1861 a
586 1821 724 1862 mundo
739 1822 913 1874 separati;
931 1834 1069 1861 novam
1089 1826 1128 1861 et
1144 1817 1230 1860 Deo
1246 1820 1397 1872 dignam

132 1887 302 1927 vivamus
327 1886 454 1925 vitam.
826 1884 828 1886 ’

191 1939 249 1988 3?
266 1946 398 1990 Nostri
412 1946 603 1999 baptismi,
621 1944 786 1998 illiusque
804 1945 886 1984 smis
901 1958 1083 1985 memores
1103 1943 1332 1997 studeamus,
1357 1945 1396 1983 in

138 2008 240 2056 dies,
261 2010 379 2061 magis
411 2021 453 2047 ac
480 2007 595 2057 magis
617 2012 764 2059 peccato
784 2007 900 2052 mori;
927 2007 947 2044 a
962 2004 1191 2045 saecularibus
1217 2004 1392 2058 separari;

139 2071 189 2112 ad
216 2070 432 2124 ampliorem
449 2068 630 2110 charitatis
651 2067 913 2123 perfectionem
931 2070 1146 2122 pervenire3
1169 2068 1208 2107 in
1221 2066 1396 2108 charitate

138 2132 394 2184 ambulantes,
420 2144 501 2184 quae
516 2143 658 2171 sursum
677 2136 762 2171 sunt
778 2135 1005 2184 quaerentes,
1033 2140 1113 2182 quae
1135 2140 1278 2168 sursum
1310 2130 1398 2169 sunt

133 2195 331 2248 sapientes.
