1410 2554
98 0 182 48 354
477 4 687 35 nmsromss
705 5 760 49 ᾼι)
778 4 981 36 norimus

156 67 198 110 6.
220 60 310 121 Qui
343 60 455 118 sapit
468 59 804 115 diem‚Domino
839 58 964 116 sapit.
997 59 1052 105 Et
1068 60 1141 118 qui
1175 58 1362 106 mandu-

102 143 195 188 cat,
234 132 424 178 Domino
477 131 710 177 manducat
746 151 756 176 ε
799 130 952 190 gratias
986 131 1102 178 enim
1134 131 1218 189 agit
1255 134 1363 178 Deo.

102 207 160 252 Et
187 204 261 262 qui
295 221 385 250 non
418 204 668 259 manducat,
693 202 880 250 Domino
904 219 994 249 non
1029 202 1293 259 manducat,
1322 213 1366 249 et

109 276 264 336 gratias
278 275 363 335 agit
380 279 485 322 Deo.

163 526 203 566 7·
224 507 367 553 Nemo
386 505 501 552 enim
520 507 713 553 nostrum
730 505 812 553 sibi
833 504 957 563 vivit,
978 515 1018 551 et
1037 522 1162 552 nemo
1177 505 1260 554 sibi
1275 522 1370 553 mo-

111 588 235 624 ntur.

166 699 208 741 8.
225 695 321 741 Sive
349 694 465 739 enim
484 693 668 740 vivimus
683 728 695 750 ,
726 694 914 741 Domino
938 694 1120 741 vivimus
1137 716 1146 741 :
1163 693 1251 741 sive
1269 712 1372 742 mo-

110 767 270 823 rimur,
290 765 480 812 Domino
497 766 721 812 morimur.
736 766 827 812 Sive
843 784 942 826 ergo
958 766 1156 824 vivimus,
1171 767 1259 814 sive
1276 784 1371 813 mo-

111 836 249 884 rimur
262 873 275 894 ‚
296 838 471 883 Domini
488 855 649 884 sumus.

169 1034 208 1072 9.
226 1014 276 1058 In
300 1013 380 1059 hoc
399 1013 513 1058 enim
533 1013 727 1059 Christus
750 1023 942 1059 mortuus
960 1022 1044 1068 est,
1063 1023 1104 1059 ct
1121 1012 1348 1060 resurrexit
1365 1035 1375 1059 :

117 1094 165 1129 ut
186 1095 226 1130 et
246 1095 517 1131 mortuorum
541 1094 582 1129 et
597 1083 792 1129 vivorum
810 1083 1066 1130 dominetur.

179 1287 244 1313 ιο.
259 1267 331 1312 Tu
351 1278 493 1313 autem
516 1267 620 1324 quid
644 1268 807 1324 judicas
837 1267 1011 1313 fratrem
1031 1266 1187 1313 tuum?
1217 1277 1291 1313 aut
1310 1277 1378 1322 tu.

121 1355 252 1393 quare
284 1339 447 1393 spernis
479 1339 654 1385 fratrem
673 1350 794 1385 tuum
812 1344 829 1385 ἲ
851 1340 1020 1385 Omnes
1038 1338 1154 1384 enim
1174 1338 1382 1386 stabimus

122 1418 220 1456 ante
237 1408 422 1457 tribunal
441 1410 613 1457 Christi.

188 1841 252 1867 ιι.
273 1820 491 1878 Scriptum
523 1832 586 1868 cst
608 1822 749 1867 enim:
770 1821 874 1869 Vivo
898 1837 975 1880 ego
992 1854 1004 1876 ‚
1035 1819 1136 1866 dicit
1153 1819 1389 1876 Dominus,

132 1894 336 1952 qnoniam
364 1893 466 1939 mihi
492 1897 685 1940 flectetur
714 1912 842 1941 omne
864 1911 1000 1954 genu:
1024 1905 1064 1940 et
1085 1893 1227 1941 omnis
1246 1892 1392 1952 lingua

133 1964 403 2013 confitebitur
417 1967 521 2012 Deo.

196 2096 259 2122 υ.
280 2077 429 2134 ltaque
451 2075 741 2134 unusquisque
769 2076 961 2122 nostrum
993 2091 1072 2131 pro
1106 2089 1151 2120 se
1182 2069 1394 2118 rationem

137 2146 404 2194 reddetDcO.

202 2267 264 2309 13.
287 2263 389 2311 Non
408 2282 507 2323 crgo
527 2250 712 2322 arnplius
732 2265 912 2310 invicem
937 2262 1200 2321 judicemus:
1222 2262 1296 2311 sed
1314 2261 1396 2309 hoc
