1410 2554
152 30 237 86 ωδ
517 42 728 76 numm
755 42 812 72 Αι)
840 41 1046 72 nonnos

153 116 247 161 quos
263 103 398 158 alioqui
416 103 587 145 salutaret
600 101 759 144 Paulus:
776 101 838 142 tali
851 109 978 142 autem·
991 106 1159 154 tempore
1176 110 1330 153 quaeque
1341 97 1375 139 ds
1390 145 1392 149 f

151 181 235 210 mus
254 164 420 207 Ecclesia
438 172 516 217 est,
546 167 639 206 sicut
663 162 911 205 'l‘ertunianus
929 164 978 203 ait
1000 177 1009 202 :
1031 162 1096 202 ubi
1120 167 1216 210 tres,
1247 154 1391 201 Ecclee'

150 239 224 284 est,
243 233 328 274 licet
341 232 420 273 laici
432 261 446 283 ‚
469 231 543 272 huc
558 244 680 284 usque
695 227 861 271 Grotius.
1270 279 1271 290 ἶ

207 295 320 338 Hanc
337 303 461 337 autem
478 294 599 337 Grotii
627 302 754 336 notam
770 295 933 335 observo
952 299 1077 335 contra
1106 291 1326 338 haereticos,
1345 301 1374 345 tq

151 367 291 413 negant
306 358 358 400 D.
380 358 536 401 Petrum
559 358 696 400 Romae
713 372 873 412 unquam
890 357 1019 404 suisse;
1043 359 1125 410 quia
1142 357 1263 409 ipsum
1281 354 1322 394 in
1341 350 1380 393 ht
1398 353 1399 372 ¹

153 418 321 476 Epistola
337 419 387 463 D.
404 420 542 462 Pauius
557 435 636 463 non
651 421 786 462 salutat.
805 419 905 462 Vide
917 420 1017 472 plura
1034 411 1080 461 fi.
1102 416 1165 459 16.
1344 455 1346 457 ,

204 479 384 524 Salutate
402 484 665 537 Epoenetum...
685 483 792 524 latine
812 482 912 524 idem
927 495 970 522 ac
987 480 1189 531 laudatum,
1205 491 1270 520 seu
1285 476 1388 519 hom

149 553 282 589 ratum.
1324 601 1326 604 Α

211 604 291 664 Qui
301 617 356 650 est
369 610 580 662 primitivus
595 610 712 650 Asiae.
733 605 809 651 Gr.
829 611 1019 662 primitiae3
1038 608 1076 648 id
1099 613 1177 656 est,
1197 607 1259 659 qui
1273 605 1327 659 pri
1392 651 1406 662 Μ

149 673 191 713 ἰιι
206 669 319 722 Asia,
337 673 481 713 minore
500 671 636 711 scilieet
648 701 660 722 ‚
680 672 778 723 cujus
791 677 898 724 caput
916 676 971 711 est
989 666 1163 723 Ephesus
1177 696 1190 719 ‚
1210 663 1349 707 Christi
1360 665 1406 707 fit*

150 733 240 774 dem
260 733 449 786 amplexus
469 740 537 774 est.
1396 786 1397 792 1

207 793 406 837 Graecuset
419 794 531 849 Syrus
547 795 660 836 hodie
679 795 839 836 habent:
857 796 1026 848 primitiae
1041 789 1198 832 Achaiae
1211 820 1223 842 ,
1237 789 1305 831 sed
1321 803 1380 830 ma

148 861 208 910 1ὲ;
231 863 316 902 curn
332 875 380 902 ex
402 859 433 902 1.
458 857 551 902 Cor.
565 875 645 915 cap.
672 859 734 901 16.
751 859 805 913 Ῠ.
825 859 888 902 ι5.
906 860 1073 914 primitiae
1091 854 1247 898 Achaiae
1258 856 1306 894 sit
1321 851 1386 895 Ste

148 923 287 978 phanas
297 955 307 973 ‚
323 939 402 964 non
416 923 633 979 Epaenetus.

203 984 259 1038 Y.
272 987 312 1030 6.
323 982 498 1028 Salutate
511 990 682 1028 Mariam
697 1003 781 1042 quoe
793 991 951 1028 multum
974 986 1156 1028 laboravit
1167 986 1206 1024 iu
1227 983 1379 1031 vobim

149 1054 222 1101 est,
236 1063 303 1102 pro
315 1050 439 1097 vobis,
455 1063 540 1102 erga
549 1063 632 1090 vos.
650 1047 719 1090 Gr.
732 1065 814 1103 erga
828 1065 912 1100 nos,
926 1057 1118 1100 utrumque
1131 1047 1252 1088 forsan
1262 1061 1391 1088 verum

206 1108 261 1161 Ϋ.
284 1126 322 1164 7.
355 1112 529 1152 Salutate
556 1113 818 1153 Andronicum
845 1121 882 1152 et
899 1114 1058 1153 ,Ittm'am
1087 1119 1308 1163 cognatos...
1331 1109 1384 1152 Ju

149 1175 211 1215 nia
228 1180 372 1227 putatur
386 1188 479 1215 uxor
493 1172 715 1216 Andronici.
735 1174 802 1216 Ab
817 1175 892 1215 aliis
912 1182 1054 1229 putatur
1070 1177 1127 1215 vir
1147 1192 1155 1222 ;
1180 1178 1262 1229 quia
1278 1174 1390 1216 dicun

149 1243 208 1279 tur
227 1239 375 1279 nobiies
391 1240 429 1279 in
458 1236 662 1291 Apostolis.
687 1232 783 1281 Vide
802 1237 946 1280 Estium
970 1255 977 1278 :
1006 1239 1130 1280 Judaei
1157 1245 1282 1289 erant,
1315 1237 1410 1280 forte*

148 1298 370 1351 Beniamitae
384 1331 394 1350 ‚
411 1304 504 1342 sicut
533 1310 569 1343 et
594 1301 727 1343 Paulus
743 1334 755 1354 ‚
778 1303 838 1344 vel
858 1305 926 1343 alio
945 1306 1128 1356 sanguinis
1156 1303 1303 1345 vinculo
1323 1318 1408 1346 eum

149 1374 196 1401 eo
213 1360 323 1413 ligati.
338 1359 441 1402 Hinc
459 1370 566 1403 vocat
583 1364 662 1403 illos
677 1372 855 1415 cognatos
872 1379 971 1406 suos.

208 1420 453 1477 Concamvos
483 1440 607 1474 meos;
639 1426 678 1465 id
701 1433 780 1475 est,
816 1434 852 1467 et
881 1427 992 1481 quod.
1011 1429 1125 1479 majus
1165 1428 1410 1475 est‚‘mecum

148 1487 360 1539 passionum
382 1487 431 1527 ob
454 1484 641 1528 Christum
659 1491 863 1542 participes.

206 1548 343 1591 Paulus
370 1564 469 1605 saepe
498 1550 565 1593 suit
590 1554 639 1592 ob
663 1551 851 1594 Christum
875 1556 1134 1605 incarceratus,
1162 1561 1201 1596 ut
1212 1556 1261 1596 ait
1277 1552 1330 1596 II.
1363 1554 1410 1596 ad

152 1609 241 1654 Cor.
252 1609 298 1660 6.
317 1612 374 1666 Jff.
393 1613 431 1655 5.
452 1622 486 1655 et
509 1629 588 1668 cap.
609 1631 671 1657 11.
689 1615 746 1667 JV.
763 1615 829 1657 23.
849 1619 1027 1658 incertum
1043 1625 1164 1659 autem
1182 1618 1246 1658 ubi
1267 1616 1308 1658 hi
1327 1630 1410 1658 cum

148 1677 230 1729 ipso
246 1675 379 1718 suerint
397 1680 542 1731 captivi.

208 1742 288 1795 Qui
314 1750 402 1783 stent
428 1745 569 1784 nobiles
591 1747 631 1783 ιή
663 1745 863 1797 Apostoli&
882 1744 967 1799 Syr.
999 1753 1155 1798 suntque
1181 1746 1410 1799 percelebres

147 1808 244 1847 inter
273 1803 506 1859 Apostolos3
538 1808 576 1847 id
601 1814 678 1859 cst,
702 1809 852 1849 inusti-es
875 1811 968 1849 inter
993 1807 1184 1861 Evangelii
1207 1822 1410 1864 praecones.

149 1870 202 1910 Ec
225 1877 314 1910 ante
335 1885 394 1910 me
398 1868 561 1920 suerunt
577 1872 618 1910 in
643 1872 811 1919 emmo,-
832 1872 870 1912 id
889 1879 943 1912 est
958 1902 969 1923 ,
988 1879 1072 1912 ante
1098 1885 1159 1913 me
1181 1873 1410 1914 crediderunt

150 1930 314 1975 Christo.

206 1994 264 2049 Y.
278 1997 319 2039 8.
329 1998 501 2039 Salutate
519 1998 772 2052 Ampliatum.
788 1998 856 2042 Gr.
870 1997 1070 2053 Ampliam.
1083 1998 1171 2056 Syr.
1185 1997 1410 2055 Ampiaeum.

205 2061 250 2108 Ῠ.
267 2076 306 2118 9.
331 2063 504 2104 Salutate
547 2064 769 2113 Urbanum,
798 2065 1021 2118 adjutorem.
1057 2063 1124 2107 Gr.
1150 2064 1410 2117 coadjutorem.

151 2124 236 2180 Syr.
252 2130 543 2181 cooperarium...
566 2135 604 2170 et
620 2126 797 2184 Stachyn.

207 2184 263 2238 ἵ.
286 2204 349 2231 ιο.
367 2190 539 2230 Salutate
556 2192 711 2244 Apellen
725 2193 899 2244 probum.
919 2188 1001 2246 Syr.
1020 2191 1200 2240 electum,
1224 2197 1295 2231 etc.
1315 2189 1410 2231 Pro-

152 2255 267 2306 bum,
289 2257 327 2297 id
346 2263 427 2308 est,
450 2257 570 2299 multis
588 2260 851 2312 experimentis
882 2259 1074 2313 probatum
1104 2255 1202 2300 bonai
1223 2264 1259 2299 et
1274 2253 1410 2300 sinceri

153 2316 230 2360 fide
246 2314 508 2361 Christianum.
