1410 2554
366 36 543 68 runnu
558 24 792 68 Exnou'rro.
812 21 906 75 cap.
921 22 980 62 XI
986 21 1018 62 1.
1239 21 1321 79 3⁵9
1368 50 1370 54 -

127 94 197 139 Cui
230 97 381 149 contigit
419 94 636 149 Propheriae
672 95 834 144 donum,
858 93 907 137 ad
939 92 1175 144 expticandas
1201 106 1320 137 sacras

75 158 300 207 Scripturas3
324 160 370 199 ed
397 158 443 200 ad
460 156 609 205 bonum
623 155 799 198 Ecclesiae
814 156 955 195 sobrius
973 159 1092 194 utatur
1106 183 1119 204 ,
1138 154 1239 204 iuxta
1253 167 1323 197 re-

7 235 10 281 t
70 225 189 279 gulam
204 225 302 266 fidei-

127 286 196 329 Cui
214 288 365 339 contigit
379 285 526 338 ahquod
553 286 592 324 in
615 281 758 324 Ecctc·'
734 298 782 323 aa
802 282 1072 328 ministerium,
1093 293 1156 320 seu
1183 277 1322 320 Eccle-

73 351 236 390 siasticus
259 347 381 394 ordo3
411 348 449 386 in
466 342 578 397 hujus
612 347 666 386 sui
700 344 891 385 ministerii
921 341 1107 382 functione
1135 340 1245 380 incius
1234 355 1291 380 ι’.ιιε
1311 370 1321 389 ‚

74 412 196 453 officio
215 425 282 451 suo
303 409 470 450 modeste
487 408 663 461 fungatur.

126 470 204 523 Qui
218 471 379 512 docendi
393 472 566 511 talentum
585 476 620 511 et
640 468 801 509 officium
822 467 931 508 haber
947 482 957 514 ς
973 469 1060 508 citra
1075 466 1205 507 fastum
1221 479 1323 508 snam

73 533 275 577 doctrinam
293 563 304 582 ,
324 547 386 575 seu
406 532 649 575 eruditionem
671 531 853 583 largiatur.

130 593 207 646 Qui
226 608 356 635 munus
374 593 488 634 habet
510 593 557 633 ad
573 593 694 632 bonos
714 604 836 630 mores
853 619 863 637 ‚
880 596 914 629 et
932 587 977 629 ad
996 589 1166 641 pit-tatem
1185 586 1325 628 exhor-

73 660 173 699 tandi
189 673 198 705 ;
220 672 287 698 suo
304 671 449 710 quoque
466 670 619 696 munere
639 655 803 696 modeste
821 653 999 704 fungatur.

102 734 105 737 ’
129 721 198 764 Cui
221 723 398 763 incumbit
421 718 590 762 officium
613 721 870 774 eleemosynas
889 717 1182 758 communicandi
1202 747 1212 766 ‚
1241 717 1325 756 iliu-„t

73 785 174 827 bona
190 786 263 826 fide
281 791 429 839 praestet
444 786 488 825 iis
500 782 636 838 quibus
648 796 738 836 opus
757 789 829 829 est,
849 780 970 820 dando
991 783 1069 819 siue
1088 793 1325 832 personarum

74 853 300 904 acceptione.

130 910 200 952 Cui
223 913 398 952 commisa
413 916 470 951 est
489 922 572 951 cura
585 915 739 948 caeteros
760 906 929 960 regendi3
950 905 1119 947 solticitus
1132 936 1142 953 ,
1159 905 1327 958 vtguans,

75 979 112 1014 et
130 972 274 1013 sedulus
288 1001 298 1019 ‚
320 971 549 1011 subditorum
567 971 636 1009 sibi
660 982 781 1009 curam
803 973 905 1021 gerat
929 997 939 1018 ‚
959 965 1044 1008 Deo
1063 982 1129 1021 pro
1154 970 1194 1007 iis
1215 970 1328 1008 ratio—

74 1046 161 1072 nem
186 1030 403 1071 redditurus.

132 1090 209 1142 Qui
223 1093 367 1131 miseris
387 1091 583 1137 succurrit,
597 1088 634 1127 id
644 1088 747 1127 alacri
759 1089 900 1136 animo,
916 1093 953 1127 et
969 1086 1071 1126 hilari
1093 1086 1191 1126 vultu
1213 1085 1332 1126 saciat.

131 1150 270 1191 Caveat
298 1148 420 1191 fidelis
446 1154 467 1190 ἐι
491 1148 724 1203 profanorum
757 1149 987 1189 simulatione
1004 1177 1017 1197 ‚
1050 1150 1110 1200 qui
1144 1149 1260 1188 verbo
1295 1155 1332 1187 et

76 1215 182 1268 signo
203 1219 310 1255 tenus
327 1213 498 1265 diligunt,
517 1225 592 1252 non
613 1225 675 1260 rc;
697 1211 842 1251 dilectio
857 1213 900 1250 sit
923 1213 1016 1251 inter
1031 1223 1098 1250 vos
1122 1223 1206 1250 vera
1219 1239 1231 1261 ‚
1247 1212 1330 1251 sin—

76 1291 183 1327 cera,
207 1290 255 1317 ex
278 1275 389 1316 corde
413 1290 422 1314 z
443 1277 495 1315 sic
521 1279 644 1314 autem
675 1276 882 1325 proximum
913 1280 1030 1314 amate
1045 1303 1056 1323 ‚
1082 1280 1121 1313 ut
1151 1276 1228 1326 ejus
1247 1275 1332 1317 vitia

77 1337 167 1378 odio
187 1336 374 1386 habeam,
396 1338 548 1376 virtutes
564 1338 653 1375 vert»
673 1335 837 1387 diiigatis.

131 1401 222 1450 Non
246 1401 360 1442 modo
377 1403 518 1442 sincera
541 1402 588 1441 sit
613 1406 736 1441 vestra
762 1402 854 1441 inter
875 1414 943 1440 vos
961 1400 1106 1440 dilectio
1119 1429 1131 1448 ,
1164 1400 1233 1441 sed
1260 1399 1333 1441 sra-

82 1472 212 1512 terna;
234 1478 303 1504 vos
326 1465 487 1504 invicem
506 1470 544 1504 ut
563 1462 708 1511 fratres,
733 1463 898 1514 ejusdem
924 1461 1048 1504 Patris
1064 1463 1227 1504 contestis
1243 1461 1335 1504 fitius

79 1527 217 1580 diligire
238 1541 248 1572 ς
268 1541 336 1566 vos
353 1529 512 1567 invicem
529 1533 568 1567 ut
586 1526 684 1567 filios
700 1524 769 1570 Dei
790 1556 801 1576 ,
825 1533 859 1567 et
878 1533 916 1566 ut
932 1525 1060 1566 fratres
1079 1523 1215 1568 Christi
1232 1558 1242 1578 ,
1260 1525 1335 1568 ho-

79 1603 171 1630 nore
186 1591 404 1642 praevenite.

137 1651 275 1695 Caveat
308 1660 343 1694 et
371 1653 488 1694 fidelis
520 1655 567 1694 ab
594 1656 694 1694 omni
719 1656 881 1706 pigritia;
907 1654 973 1695 se]
997 1668 1127 1695 omnes
1154 1661 1271 1695 estote
1299 1658 1335 1694 in

83 1715 207 1758 officio
227 1717 384 1768 prompti
405 1721 441 1755 et
459 1714 612 1763 alacres
631 1717 755 1766 spiritu
774 1714 911 1755 fervten
918 1728 956 1754 es
971 1722 1128 1767 ‚utpote
1144 1717 1205 1769 qui
1222 1713 1306 1756 Deo
1321 1747 1332 1767 ‚

83 1775 230 1829 Regum
247 1775 346 1829 Regi
368 1783 405 1817 et
426 1774 617 1827 Domino,
639 1779 797 1818 servitis-

141 1836 342 1890 Propterea
357 1838 513 1890 gaudere
534 1846 569 1882 et
590 1845 759 1894 sperate:
778 1842 856 1893 ipse
879 1842 983 1880 enim
1003 1842 1068 1881 erit
1086 1853 1227 1882 merces
1243 1855 1335 1881 ves-

85 1907 138 1940 tra
154 1913 282 1952 magna
299 1903 428 1946 nimis;
448 1900 555 1951 liujus
570 1902 748 1942 mercedis
763 1904 908 1951 intuitu,
923 1909 1060 1943 vestras
1077 1906 1336 1958 oppressiones

85 1961 264 2012 patienter
291 1961 489 2008 sustinete3
519 1961 670 2002 assiduis
693 1963 917 2002 orationibus
945 1962 1093 2003 celeste
1115 1965 1287 2006 auxitium
1316 1968 1336 2003 ἐι

80 2019 247 2063 Domino
266 2025 322 2062 cui
342 2025 485 2062 servitis
499 2053 511 2073 ‚
532 2029 567 2064 et
589 2038 654 2077 pro
673 2037 746 2076 quo
765 2026 956 2076 patimini,
975 2025 1221 2078 implorantes.

139 2080 321 2123 Caetertnn
334 2090 430 2124 tanta
440 2086 486 2124 sit
503 2099 587 2138 erga
601 2087 808 2139 proximum
824 2094 943 2126 vestra
963 2086 1128 2138 charitas,
1140 2095 1177 2128 ut
1195 2101 1335 2142 paupe-

84 2158 163 2186 rum
176 2148 309 2199 inopia,
319 2151 421 2200 quasi
433 2156 552 2189 vestra
567 2152 673 2196 siuet
683 2156 800 2189 vestra
824 2152 928 2204 copia
945 2152 989 2190 sit
1010 2153 1109 2204 quasi
1126 2165 1335 2205 pauperum.

139 2205 236 2260 Erga
250 2211 460 2261 peregrinos
470 2218 592 2251 autem
608 2210 891 2265 hospitalitatem
905 2226 981 2253 non
998 2217 1139 2253 tautirm
1150 2222 1337 2265 exercete,

89 2269 237 2322 quando
255 2277 383 2322 petunt
397 2287 407 2319 ς
426 2269 508 2312 ‘sed‘
519 2279 555 2314 et
569 2272 616 2313 ad
634 2273 712 2314 ilios
725 2281 909 2314 currentes
923 2303 934 2325 ‚
954 2274 1083 2316 offerte
1095 2275 1307 2330 hospitium.
