1410 2554
178 57 262 118 376
536 46 754 106 ssmsrotjz,
777 72 834 102 An
861 71 1060 102 Romanos

175 121 512 173 eircumcisionis
533 136 708 183 propter
727 125 952 172 veritatem
969 124 1045 171 Dei
1057 161 1070 183 ,
1087 126 1143 172 ad
1162 128 1406 176 confir-man

179 197 256 246 das
276 196 591 258 promissiones
599 207 769 254 patrum
791 217 801 242 ε

236 356 276 397 9.
287 336 452 382 Gentes
461 343 602 380 autem
614 331 1043 390 supermisericordia
1055 333 1265 379 honorare
1280 335 1410 379 Deum

181 405 289 454 sicut
306 405 513 461 scriptum
527 413 590 450 est
608 403 871 460 :Propterea
889 402 1128 448 confitebor
1143 401 1221 448 tibi
1242 403 1288 448 in
1309 404 1410 450 Gen

179 475 316 533 tibus,
334 475 543 532 Domine,
565 484 606 520 et
628 473 796 520 nomini
817 484 889 521 tuo
907 474 1102 522 cantabO.

238 853 302 879 ιο.
317 833 374 879 Et
388 834 542 880 iterum
558 832 659 879 dicit
677 852 688 874 :
709 831 929 878 Laetamini
942 865 953 886 ‚
983 830 1172 887 Gentes,
1193 848 1292 876 cum
1312 831 1408 888 pleb

179 921 285 960 elus.

237 1057 299 1082 11.
326 1038 380 1082 Et
402 1037 558 1082 iterum
588 1056 597 1079 ε
622 1036 841 1090 Laudate‚
875 1051 1025 1080 omnes
1055 1035 1245 1090 Gentes,
1278 1035 1410 1080 Domi⁴

177 1124 310 1153 num:
336 1116 377 1152 et
401 1106 670 1165 magnificate
691 1123 808 1159 eum,
835 1121 984 1150 omnes
1011 1104 1173 1161 populi.

236 1199 298 1224 12.
319 1178 375 1222 Et
391 1195 537 1223 rursus
555 1180 685 1223 Isaias
702 1177 782 1220 ait:
804 1176 896 1220 Erit
912 1175 1031 1220 radix
1050 1175 1171 1220 Jesse
1183 1208 1195 1229 ‚
1217 1181 1255 1218 et
1269 1173 1343 1230 qui
1359 1189 1410 1220 ex

108 1279 110 1283 >
177 1258 319 1308 surget
336 1266 480 1308 regere
495 1250 672 1300 Gentes,
693 1247 736 1291 in
758 1264 855 1292 eum
879 1248 1035 1292 Gentes
1053 1244 1297 1302 sperabunt.

236 1385 299 1426 13.
318 1381 441 1426 Deus
454 1390 595 1426 autem
609 1380 698 1436 spei
713 1379 874 1436 repleat
888 1397 961 1426 vos
973 1379 1089 1426 omni
1106 1379 1259 1438 gaudio
1273 1389 1313 1424 et
1327 1395 1407 1437 pac

176 1457 221 1499 in
238 1452 450 1499 credendo
480 1472 490 1496 ι
512 1462 557 1497 ut
583 1451 802 1498 abundetis
830 1452 876 1496 in
896 1468 994 1508 spe,
1020 1461 1060 1496 et
1078 1450 1230 1496 virtute
1253 1449 1410 1507 spirit&

175 1525 325 1572 sancti.

235 1721 299 1772 14.
324 1716 476 1762 Certus
494 1732 590 1761 sum
609 1723 750 1759 autem
765 1748 776 1769 ‚
799 1713 949 1758 fratres
974 1713 1055 1761 mei
1072 1748 1083 1768 ‚
1107 1724 1148 1758 et
1170 1731 1247 1772 ego
1265 1715 1357 1770 ipse
1375 1714 1410 1759 d.

175 1786 321 1843 vobis,
341 1786 543 1843 quoniam
560 1795 601 1831 et
632 1784 715 1841 ipsi
740 1784 855 1841 pleni
882 1784 981 1829 estis
1005 1784 1255 1841 dilectione,
1278 1785 1410 1843 replet

176 1856 295 1903 omni
313 1855 510 1912 scientia,
530 1856 589 1900 ita
610 1864 656 1899 ut
675 1853 844 1912 possitis
866 1854 1115 1899 alterutrum
1132 1870 1321 1900 monere.

231 2052 296 2093 15·
317 2047 536 2093 Audacius
549 2055 692 2091 autem
704 2045 855 2102 scripsi
869 2044 1012 2101 vobis,
1027 2044 1200 2100 fratres,
1221 2060 1270 2089 ex
1289 2054 1410 2101 parte

172 2129 377 2175 tanquam
389 2118 433 2163 in
445 2117 698 2163 memoriam
711 2134 791 2163 vos
801 2116 1008 2164 reducens
1021 2125 1217 2173 :propter
1229 2115 1407 2174 gratiam

173 2207 264 2247 quae
287 2189 386 2235 data
403 2198 465 2235 est
480 2187 587 2233 mihi
606 2191 628 2233 a
651 2190 738 2234 Deo
754 2223 767 2245 ,

231 2317 294 2360 16.
310 2313 373 2359 Ut
390 2312 473 2361 sim
488 2313 676 2362 minister
691 2313 850 2360 Christi
864 2315 965 2360 Jesu
983 2314 1028 2360 in
1047 2314 1277 2374 Gentibus,
1299 2330 1410 2363 sanc-
