1410 2554
123 79 139 86 “
155 86 238 128 ,ιρμ
512 70 730 112 nmsmnAE'
745 82 806 112 Α»
831 82 1046 117 sommus,

146 145 239 185 sicut
250 139 418 182 Verbum
437 139 607 182 divinum
625 137 774 182 Christo
793 140 936 185 homini
961 146 1203 199 semetipsum
1229 145 1352 195 dedit,
1369 151 1410 186 ut

147 208 210 247 hic
238 206 374 254 homo,
400 207 462 258 qui
474 201 608 245 dicitur
624 202 814 257 Christus,
833 207 939 249 fieret
959 206 1075 249 Filius
1090 196 1168 250 'Dei
1180 225 1191 257 ς
1203 212 1260 251 ›ita
1276 213 1297 251 ὲ
1315 224 1409 264 pro.-

148 269 320 320 portione
340 263 494 318 Spiritus
515 270 663 306 sanetus
680 265 785 307 datur
804 269 913 310 nohis
930 269 969 308 in
987 269 1198 322 baptismo,
1228 277 1271 311 ut
1295 258 1410 311 simus

122 332 215 388 „filii
229 328 324 374 Dei.
340 329 440 371 Vide
458 327 606 372 Cornel.
623 333 645 371 ὲ
662 329 758 385 Lap.
776 330 852 373 hic.

204 393 256 433 In
274 407 344 445 quo
355 391 568 430 clamamus
585 421 596 431 .
614 421 625 431 .
640 422 651 432 .
669 405 734 445 per
748 406 859 446 quem
868 392 1028 447 adoptati
1045 391 1410 446 Deuminvocam'us‚

151 461 193 494 ut
209 451 361 493 Patrem
376 453 664 494 amantissimum
676 482 686 502 ‚
707 466 784 492 non
796 452 924 493 timide
936 460 974 493 et
987 453 1168 494 submisse
1184 467 1195 499 ;
1214 453 1283 494 sed
1297 453 1410 494 libere

145 512 195 560 'et
214 519 283 559 alte
301 517 521 558 clamantes:
537 518 665 565 Abba,
676 515 806 557 Pater.

208 577 310 619 Nota
336 581 390 616 1.⁰
411 573 526 625 Quod
551 573 756 630 Apostolus
773 591 850 618 non
881 581 967 619 satis
987 577 1101 618 habet
1134 578 1285 634 dicere„
1308 579 1409 633 quod

160 637 334 693 Spiritum
351 635 529 676 libertatis
542 639 762 690 recepimus,
779 638 846 678 sed
859 639 963 689 dicit,
982 640 1165 692 Spiritum
1180 634 1410 692 adoptionis:

155 706 237 757 quia
254 718 303 745 ex
321 700 453 747 servis,
478 716 555 744 non
572 705 714 742 tantum
729 702 834 742 liberi
850 702 933 744 sacti
948 718 1086 753 sumus,
1105 703 1173 744 sed
1189 711 1227 744 et
1246 701 1410 745 filiiDei.

210 765 311 807 Nota
327 774 384 810 2⁰.
402 766 517 820 Quod
537 766 570 806 ei
585 779 663 805 non
681 763 815 804 suffieit
833 765 956 806 dicere
968 795 978 815 ‚
991 769 1030 805 in
1049 780 1122 818 quo
1137 761 1293 806 dicimus
1305 769 1410 806 oran-

154 835 228 881 tes,
244 828 313 870 scd
321 833 360 870 in
376 846 447 884 quo
463 831 690 878 clamamus,
710 841 775 867 seu
791 826 960 868 audacter
975 834 1011 866 et
1024 827 1166 879 publice
1182 829 1410 875 clamamus,

161 894 275 934 Abba
284 923 299 943 ,
325 894 455 934 Pater.
474 891 576 934 Huic
587 890 778 932 conforme
798 898 855 931 est
876 890 974 943 quod
990 893 1084 931 canit
1101 888 1289 931 Ecclesia:
1305 888 1410 931 Prae-

157 959 272 1009 ceptis
286 958 498 998 salutaribus
521 956 652 996 moniti
670 982 682 1003 ‚
711 960 747 995 et
765 952 890 993 divin'zi
912 955 1138 993 institutione
1158 951 1325 1004 formati,
1343 967 1410 994 au-

157 1019 287 1059 demus
318 1020 462 1060 dicere:
495 1017 618 1056 Pater·
636 1022 782 1064 noster,
801 1021 874 1056 ete.
901 1014 974 1055 hoe
1003 1029 1072 1054 nos
1100 1013 1277 1055 Christus
1291 1013 1410 1054 docuit

157 1077 290 1118 Matth.
313 1078 354 1119 6.

212 1140 313 1184 Nota
339 1143 505 1193 denique
535 1140 687 1180 duarum
713 1153 850 1180 vocum
871 1139 973 1180 idem
1010 1138 1294 1191 significantium
1318 1153 1410 1179 con-

156 1208 399 1257 junctionem,
416 1206 548 1250 Abba,
568 1203 697 1251 Pater,
722 1204 833 1244 Abba
852 1201 1054 1251 Hebraice‚
1071 1216 1135 1243 seu
1151 1200 1300 1255 Syriae&
1312 1202 1410 1244 idem

155 1267 334 1319 significat
350 1281 391 1307 ac
409 1279 426 1302 ο
446 1277 570 1316 παπ-ηρ
603 1268 746 1316 graece,
777 1278 842 1304 seu
865 1263 987 1303 Pater
1017 1263 1124 1304 latine
1141 1278 1150 1302 :
1187 1277 1296 1317 quare
1326 1277 1410 1316 ergo

155 1328 222 1370 has
237 1330 325 1369 duas
345 1344 459 1370 voces
475 1329 538 1368 hle
557 1328 663 1368 simul
680 1329 794 1379 jungit
809 1322 1035 1380 Apostolus?

212 1390 264 1431 Ut
282 1393 459 1444 significet
477 1389 502 1431 J
506 1389 629 1430 udaeos
645 1396 681 1430 et
700 1387 869 1445 Gentiles
886 1390 1018 1441 pariter
1032 1396 1180 1430 vocatos
1198 1388 1245 1429 ad
1259 1379 1410 1428 fitiorum

157 1450 233 1494 Dei
255 1453 509 1505 adoptionem.
539 1449 594 1490 lta
623 1448 672 1490 D.
701 1447 921 1501 Augustinus
948 1450 1012 1491 lib.
1030 1451 1074 1492 de
1094 1449 1229 1504 Spiritu
1247 1456 1284 1490 et
1299 1450 1410 1492 littera

159 1529 191 1555 c.
211 1514 278 1555 32.
295 1522 330 1555 et
343 1515 407 1555 lib.
421 1515 466 1554 de
482 1527 663 1554 consensu
676 1509 855 1563 Evangel.
870 1524 950 1563 cap.
966 1511 1004 1560 4.

216 1576 330 1620 Forte
350 1581 459 1619 etiam
476 1607 486 1627 ,
511 1579 593 1630 quia
609 1576 654 1617 ad
672 1577 783 1628 ipsius
801 1572 940 1615 Christi
956 1577 1158 1615 orationem
1174 1575 1209 1614 in
1230 1573 1339 1614 horto
1355 1573 1410 1616 al-

161 1639 252 1680 ludit
274 1637 493 1693 Apostolus,
513 1645 551 1678 ut
568 1639 678 1678 nobis
696 1636 833 1677 indicet
851 1637 951 1689 quod
967 1667 978 1687 ,
998 1636 1080 1676 licet
1095 1636 1258 1687 adoptivi
1277 1637 1410 1677 tantum

160 1704 241 1754 filii,
259 1705 392 1745 eodem
412 1711 533 1744 tamen
551 1705 701 1756 spiritu,
721 1708 758 1741 et
779 1700 909 1741 iisdem
934 1702 1103 1751 vocibus,
1122 1697 1244 1740 Deum
1276 1707 1410 1753 patrem

160 1775 326 1813 nostrum
339 1769 575 1821 elloquimur,
596 1781 639 1807 ae
655 1763 821 1806 Christus
839 1766 917 1818 ipse
929 1766 1190 1818 primogenitus
1200 1770 1238 1804 et
1255 1765 1410 1804 consub-

162 1832 334 1873 stantialis
351 1827 465 1871 Filius
481 1829 653 1870 allocutus
671 1835 725 1868 cst
746 1844 754 1867 :
774 1829 901 1876 Abba,
921 1824 1050 1869 Pater.
1070 1825 1185 1867 Mare.
1214 1827 1275 1876 14.
1294 1824 1363 1868 36.

212 1890 328 1935 Forte
348 1900 386 1934 et
401 1900 439 1933 ut
453 1891 523 1932 haic
538 1905 671 1932 vocum
695 1891 913 1943 repetitione
940 1889 1125 1931 fervorem
1138 1918 1154 1939 ,
1170 1903 1410 1943 magnumque

157 1954 328 1995 affectum
351 1955 530 2006 significet
542 1983 556 2003 ,
578 1968 651 2007 quo
684 1953 863 1994 debemus
889 1948 1048 1992 Patrem
1080 1952 1271 1993 coelestem
1289 1964 1410 1992 orare:

157 2019 286 2065 Abba.
306 2017 436 2058 Pater.

215 2077 329 2121 Forte
348 2085 385 2120 et
401 2086 438 2120 ut
458 2078 601 2120 filialem
619 2079 789 2120 fiduciam
802 2108 813 2130 ‚
836 2076 905 2131 quai
920 2091 988 2119 nos
1008 2074 1203 2119 Christiani
1222 2088 1410 2130 possumus

161 2146 277 2185 statim
293 2141 317 2184 ὲ
337 2143 520 2198 baptismo
551 2141 699 2184 Patrem
719 2142 886 2183 divinum
910 2141 1069 2194 alloqui,
1090 2143 1198 2195 cique
1219 2142 1256 2180 in
1276 2139 1410 2180 oratio-

161 2207 270 2246 nibus
289 2206 441 2256 nostris,
461 2218 550 2258 quas
563 2204 702 2259 parvuli
721 2205 895 2253 infantes,
915 2202 1082 2244 blandum
1105 2209 1142 2243 et
1170 2198 1297 2244 item&
1321 2213 1410 2244 voce

162 2268 406 2310 balbutientes
426 2268 560 2316 dicere,
582 2266 713 2316 Pater,
734 2266 861 2309 Pater.

219 2327 411 2387 Quidquid
425 2333 472 2373 sit
487 2330 534 2374 de
551 2330 638 2375 vert
648 2331 756 2386 liuius
770 2330 1000 2388 repetitionis
1021 2327 1142 2385 causi,
1162 2341 1314 2383 magnus
1327 2325 1410 2372 sane
