1410 2554
258 53 437 89 ⁰1um
453 53 704 90 ,ωοειτιο-
719 42 948 97 cmxl).
1155 45 1247 104 353

161 257 378 304 CAPUT
422 246 741 304 DECIMUM‘
763 245 1092 317 QUINTUM.

469 423 473 427 .
483 385 757 438 Pamphrasis.

0 496 140 586 N'on
155 546 295 585 tantum
318 543 497 585 debemus
511 543 721 585 scandalum
742 546 871 597 quovis
889 543 1003 584 modo
1023 546 1163 592 vitare;
1181 544 1250 586 sed

0 616 31 651 et
59 623 154 658 nos,
195 610 255 663 qui
272 607 331 648 vel
369 606 543 658 scienti3‚
573 608 633 649 vel
655 609 788 648 virtute
807 610 1057 661 provectiores
1092 621 1247 660 snmus,

0 670 173 712 debemus
231 673 352 711 minus
413 670 606 712 doctorum
619 701 630 720 ‚
698 674 898 724 minusque
967 669 1214 724 perfectorum
1234 700 1247 722 ‚

0 737 210 791 ignorantias
237 740 274 776 et
300 735 529 776 infirmitates
558 749 642 776 cum
670 734 843 778 charitate
865 737 1072 783 sustinere;
1102 742 1139 776 et
1171 749 1250 778 non

0 799 266 852 uobismetipsis
282 798 424 851 placere
435 826 446 846 ‚
467 796 527 839 vel
542 798 592 838 ob
607 800 797 840 scientiam
813 804 976 840 nostram
993 827 1008 851 ,
1025 796 1153 843 vel-ob
1174 799 1250 839 vir·

0 868 124 905 tutem.

45 922 124 967 Sed
140 927 261 979 potius
275 927 521 978 unusquisque
542 922 706 966 vestrum
722 955 731 969 ‚
754 923 811 964 sui
828 930 1082 975 contemptor,
1106 923 1251 966 studeat

0 988 163 1040 proximo
183 1000 250 1026 suo
267 986 407 1040 placere
425 1014 436 1034 ‚
457 992 493 1026 et
514 986 704 1039 gratificari
721 987 758 1025 in
777 987 820 1026 iis
832 998 916 1039 quae
930 985 1043 1036 ipsius
1064 984 1166 1026 bono
1186 999 1249 1026 ce-

0 1047 84 1089 ffltmt
101 1077 112 1097 ‚
132 1053 169 1087 et
186 1061 252 1100 per
268 1061 350 1100 quae
365 1053 489 1100 potest
510 1046 607 1088 effici
624 1047 770 1087 melior.
892 1056 931 1077 *-

47 1104 199 1147 Etenim
212 1103 380 1148 Christus
392 1136 404 1157 ‚
419 1109 585 1148 omnium
602 1104 774 1149 nostrum
787 1105 993 1158 exemplat,
1011 1119 1090 1148 non
1101 1107 1252 1150 sibimet

0 1168 146 1223 placuit,
170 1182 241 1209 nec
256 1182 319 1210 sua
336 1171 528 1222 quaesivit,
548 1168 615 1210 sed
634 1176 777 1215 nostra;
803 1170 895 1209 sicut
914 1166 1070 1209 Davidis
1086 1183 1252 1223 orepro-

0 1233 134 1273 nuntiat
155 1245 164 1270 ε
183 1227 392 1283 opprobria
412 1231 496 1280 tibi,
513 1227 536 1269 ὁ
555 1227 678 1279 Pater,
695 1230 742 1270 ab
755 1228 968 1271 hominibus
985 1228 1163 1282 illatarin
1179 1245 1251 1275 me

0 1293 156 1338 transtuti
172 1324 182 1344 ‚
200 1301 236 1334 et
252 1293 383 1334 luenda
405 1295 562 1346 suscepi.

49 1356 145 1402 Haess
159 1359 319 1398 enimita
340 1357 388 1397 de
404 1353 553 1397 Christo
574 1356 747 1410 praedicta
767 1362 850 1396 sunt
875 1384 888 1405 ‚
908 1361 947 1396 ut
963 1362 999 1396 et
1027 1354 1074 1396 ad
1091 1368 1162 1396 nos
1188 1356 1252 1396 in-

0 1421 191 1466 struendos
209 1421 421 1474 praescxipta
442 1421 537 1460 sint:
560 1421 695 1474 quippe
711 1425 791 1460 tota
816 1415 1002 1472 Scriptura
1023 1418 1070 1459 ad
1087 1425 1252 1464 nostram

0 1479 201 1523 ffoctrinam
227 1481 389 1521 ordinata
422 1488 475 1522 est
491 1498 501 1527 ς
537 1488 576 1522 ut
609 1495 674 1535 per
706 1483 916 1534 patientiam
930 1510 940 1530 ‚
973 1480 1019 1521 ad
1048 1494 1155 1535 quam
1182 1495 1251 1523 nos

0 1541 212 1584 Sanctorum
225 1572 238 1592 ‚
261 1550 296 1584 et
312 1545 473 1584 maxime
490 1542 626 1584 Christi
645 1543 824 1595 exemplis
842 1545 999 1590 excitat3
1022 1549 1057 1583 et
1075 1557 1142 1596 per
1157 1556 1255 1584 con-

0 1606 216 1647 solationem
251 1620 358 1658 quam
388 1608 497 1647 nobis
523 1609 684 1659 suggerit
717 1607 841 1647 verbis
860 1614 897 1647 et
918 1606 1119 1658 exemplis,
1145 1620 1251 1659 spem

0 1667 198 1710 habeamus
213 1674 358 1708 aeternae
378 1669 610 1709 beatitudinis
634 1683 741 1722 quarn
764 1671 958 1722 promittit.

9 1751 24 1776 ,-
41 1729 194 1773 ''Precor
211 1738 332 1772 autem
354 1730 478 1774 Deum
492 1763 503 1782 ‚
523 1735 544 1772 ὸ
562 1746 635 1786 quo
653 1735 826 1786 patientia
844 1762 854 1781 ,
874 1735 897 1772 ὲ
915 1746 989 1786 quo
1017 1739 1057 1773 et
1071 1732 1252 1785 solatium,

0 1801 39 1837 nt
52 1795 160 1837 vobis
177 1796 348 1836 omnibus
359 1795 422 1836 det
437 1795 638 1848 perfectam
653 1797 748 1836 inter
759 1810 834 1836 vvos
849 1795 1083 1837 concordiam
1097 1810 1108 1844 ;
1127 1796 1250 1847 talem,

0 1859 148 1909 inquio,
172 1856 429 1907 concordiam,
453 1857 597 1909 qualem
616 1857 724 1898 decet
739 1855 979 1899 Christianos.

56 1915 109 1958 Ut
128 1932 196 1958 vos
224 1931 374 1967 omne5‚
401 1917 523 1960 Judaei
551 1926 588 1959 et
615 1917 753 1968 Graeci,
775 1920 946 1960 omnibus
965 1919 1254 1961 dissensionibus

0 1981 213 2030 exstinctis,
239 1983 477 2030 unanimiter,
513 1995 588 2022 uno
615 1981 724 2022 corde
737 2011 748 2031 ‚
780 1988 816 2023 et
846 1996 921 2022 uno
952 1995 1017 2022 ore
1049 1980 1256 2034 glorificetis

2 2039 152 2092 Deum,
175 2050 212 2085 ct
236 2042 386 2086 Patrem
405 2039 568 2085 Domini
582 2041 813 2086 nomi-lesu
831 2041 982 2086 Christi.

59 2103 148 2151 Hoc.
159 2111 204 2149 vut
217 2107 264 2147 ita
281 2109 349 2158 sit,
372 2120 440 2148 vos
452 2105 790 2158 invicemditig-ite,
813 2105 938 2149 fovete
953 2136 965 2157 ‚
982 2106 1184 2157 suscipite,
1196 2106 1257 2146 si·-

5 2175 66 2209 cut
82 2175 117 2209 et
135 2165 328 2210 Christus·
318 2184 397 2222 ipse
414 2184 481 2210 vos
497 2183 627 2211 omnes
646 2171 826 2224 suscepit,
845 2171 916 2213 sihi
943 2170 1110 2222 adjunxit
1133 2175 1173 2213 et
1186 2181 1257 2211 so·-

0 2231 139 2279 davit,
162 2230 207 2270 ad
227 2231 375 2283 gtoriam
393 2230 614 2271 haereditatis
628 2237 792 2272 aeternae.

0 2316 1 2351 i
64 2288 163 2342 Vos,
196 2293 368 2346 inquam,
398 2291 509 2335 Jesus
527 2289 693 2340 Chtistus
712 2292 907 2338 salvandos
923 2294 1081 2348 sucepit
1097 2305 1257 2337 omnes.
