1410 2554
145 35 229 89 408
505 25 719 90 spismm
745 45 803 76 Au
829 45 1038 80 nonnos

200 103 293 148 Non
315 110 440 146 tamen
455 104 526 144 viri
540 102 697 145 seminas
717 105 973 149 osculabantur
987 137 1001 161 ‚
1021 109 1107 150 cum
1121 137 1133 160 ,
1152 114 1193 150 ut
1205 103 1255 154 Ῡ.
1276 122 1314 152 ι.
1331 106 1410 150 dic-

145 176 226 213 tum
245 176 302 211 est
314 197 328 218 ,
347 167 410 209 hae
424 169 462 208 in
476 167 560 209 loco
575 174 743 223 separato
759 177 921 213 orarent.

201 231 383 272 salutant
391 243 460 271 vos
476 243 605 270 omnes
618 229 799 272 Ecclesia
825 229 991 284 christi,
1013 231 1052 273 id
1065 238 1145 283 est,
1158 245 1243 287 quae
1265 239 1352 275 sunt
1379 233 1410 275 in

148 291 433 343 Graecia‚vel,ut
444 292 532 333 dicit
542 287 944 344 Theodoretus,totius
957 301 1135 336 terrarum
1148 296 1249 337 orbis
1259 298 1410 343 nomine

145 358 274 401 salutat
289 371 371 398 eam
385 358 589 407 civitatem,
603 369 687 410 quae
703 359 879 399 universo
892 364 1070 399 terrarum
1085 359 1166 399 orbi
1178 359 1408 412 praesidebat

157 428 165 430 *
203 418 330 462 Porri>
357 433 416 460 res
445 425 502 460 est
522 425 650 459 notatu
680 419 819 472 digna,
850 419 950 474 quod
978 418 1031 462 D.
1049 418 1191 461 Paulus
1207 451 1218 472 ,
1251 423 1314 476 qui
1337 435 1410 476 erg}

151 498 283 527 omnes
301 484 429 525 fratres
445 481 585 524 Romae
602 485 804 525 existentes
827 490 902 525 tam
917 479 1125 526 officiosum
1141 499 1224 527 sese
1239 486 1410 538 exhibet,

152 549 202 592 de
215 547 268 591 D.
303 547 419 590 Petro
441 548 578 590 nullam
603 547 712 589 faciat
732 550 963 590 mentionem
982 564 992 589 ε
1023 548 1113 589 hinc
1139 551 1240 590 enim
1258 547 1410 591 haeretic

152 617 301 654 sumunt
316 615 572 663 argumentum
584 609 745 662 negandi
757 607 972 665 Principem
985 606 1248 665 Apostolorum
1260 624 1410 665 unquan

151 672 369 716 Romanum
384 671 495 713 fuisse
509 669 748 715 Pontificem.

210 736 286 779 Sed
306 737 490 778 innumeri
519 736 743 788 penetotius
773 735 874 775 orbis
900 741 1013 777 testes
1034 734 1171 777 docent
1189 737 1410 778 nontanthn

156 802 258 856 quod
277 799 330 843 D.
354 798 488 841 Petrus
515 797 710 840 Romanus
745 797 925 841 Pontifex
959 797 1091 848 fuerit,
1122 798 1190 839 sed
1221 807 1258 841 et
1287 798 1410 841 Roma

155 865 290 905 obierit
307 864 379 903 una
395 875 479 903 cum
498 858 552 902 D.
567 858 698 900 Paulo.

210 923 394 967 Auctores
416 926 500 964 citat
517 921 684 977 Tyrinus
717 919 860 963 Chron.
879 919 963 963 sac.
985 935 1064 975 cap.
1086 921 1238 973 ultimo,
1261 918 1410 964 Neroni

157 1004 255 1033 anno
267 990 409 1031 ultimo,
426 987 555 1030 Videri
574 992 694 1040 potest
711 985 894 1028 Batonius
910 1000 1007 1027 anno
1025 983 1162 1027 Christi
1179 985 1246 1036 34.

214 1052 366 1096 Grotius
385 1054 421 1093 in
437 1050 650 1104 praefatione
677 1050 785 1100 hujus
808 1048 883 1104 Ep.
910 1052 1034 1099 initio,
1056 1050 1144 1090 dicit
1170 1053 1294 1104 aperte
1325 1054 1410 1105 quo«

158 1113 221 1160 D.
253 1112 394 1158 Petrus
423 1113 587 1155 Romam
607 1114 690 1153 ierit
713 1115 806 1154 circa
841 1113 942 1152 initia
973 1108 1162 1151 Claudiani
1191 1113 1357 1165 imperii,
1379 1125 1410 1152 a‹

159 1182 433 1237 reprimendam
453 1178 616 1221 Simonis
630 1177 731 1233 Magi
749 1180 991 1232 impietatem,
1007 1183 1047 1218 ut
1059 1183 1206 1218 veteres
1223 1175 1406 1220 tradidere

160 1247 209 1286 ait
225 1245 324 1284 idem
347 1239 517 1283 Grotius.
900 1238 903 1239 ⁷

218 1302 370 1344 Omissa
405 1301 469 1342 suit
491 1304 617 1355 ⁴itaque
650 1300 816 1341 salutatio
851 1295 911 1340 D.
943 1297 1047 1339 Petri
1065 1301 1085 1339 ὲ
1108 1294 1146 1339 S.
1170 1295 1309 1348 Paulo,
1347 1301 1410 1353 qui

161 1365 302 1407 sciebat
324 1361 376 1404 D.
403 1360 558 1403 Petrum
590 1365 662 1402 una
689 1375 772 1402 cum
790 1360 867 1400 aliis
884 1357 1027 1399 Judaeis
1046 1358 1168 1400 edicto
1187 1356 1327 1399 Claudii
1345 1354 1410 1399 im·

163 1427 340 1482 peratoris
362 1421 487 1464 Rom&
506 1422 673 1477 pulsum,
704 1423 872 1464 nondum
903 1422 1076 1468 rediisse;
1121 1421 1188 1462 sed
1211 1427 1410 1475 occupatun

164 1504 244 1532 esse
265 1492 303 1530 in
322 1485 527 1540 Evangelio
544 1485 683 1539 longius
702 1500 744 1526 ac
759 1485 865 1525 latius
886 1483 1136 1539 propagando·

217 1550 461 1596 Innocentius
480 1553 634 1603 primus,
653 1550 734 1600 alii,
755 1556 791 1590 et
812 1555 895 1602 post
913 1550 1010 1602 ipsos
1029 1546 1209 1588 Batonius
1235 1555 1271 1589 et
1287 1545 1410 1589 Bellar

162 1620 286 1660 minus
308 1616 442 1656 docent
458 1611 510 1655 D.
525 1611 678 1654 Petrum
697 1615 773 1653 tum
799 1614 974 1663 temporis
994 1612 1031 1650 in
1053 1608 1281 1651 Britanniam
1295 1640 1305 1659 ,
1329 1608 1410 1652 His<

164 1680 310 1732 paniam
324 1706 334 1726 ,
355 1682 392 1716 et
406 1672 570 1716 Africam
586 1676 804 1723 excurrisse,
820 1672 867 1712 ad
881 1671 1084 1712 fundandus
1100 1672 1169 1726 illic
1183 1679 1218 1712 et
1230 1672 1410 1712 firmanda

165 1740 363 1783 Ecclesias.
384 1737 482 1781 Vide
503 1735 676 1779 Grotium
707 1738 856 1776 citatum
879 1741 916 1775 et
951 1734 1104 1774 relatum
1122 1736 1159 1774 in
1190 1728 1236 1776 Ῠ.
1258 1734 1297 1775 5.
1327 1730 1410 1775 Add

166 1810 290 1858 potest
306 1802 407 1856 quod
424 1802 454 1841 si
475 1799 608 1841 Romae
625 1799 748 1840 suisset
768 1804 855 1838 tunc
870 1793 923 1837 D.
940 1793 1087 1845 Petrum
1105 1801 1224 1835 ortum
1238 1794 1410 1835 dissidiun

168 1866 460 1919 composuisset,
484 1875 553 1902 nec
575 1859 710 1901 Paulus
732 1859 778 1899 ad
809 1856 1004 1898 Romanos
1024 1855 1093 1896 hac
1110 1855 1155 1895 de
1188 1867 1227 1894 re
1243 1854 1410 1895 scribend

167 1930 384 1983 sumpsisset
400 1925 574 1966 officium.

223 1993 278 2045 y.
300 2008 362 2044 ¹7·
386 1992 490 2042 Rogo
501 1996 626 2029 aulem
646 2003 728 2037 vos,
734 1985 897 2039 fratres,
927 1991 969 2024 ut
986 1984 1194 2024 observetis.
1209 1978 1277 2024 Gr.
1292 1993 1406 2035 specu

170 2055 316 2104 lernini,
338 2053 593 2095 consideretis,
1043 2085 1047 2091 ,

225 2116 315 2159 Hoc
331 2117 418 2157 dicit
440 2122 565 2156 contra
597 2109 943 2168 pseudoapostolos,
964 2110 1025 2163 qui
1048 2107 1137 2161 legis
1159 2103 1335 2148 Mosaicae
1355 2105 1410 2146 ob¹

167 2182 368 2223 servantias
397 2178 658 2233 praedicabant,
677 2190 813 2229 easque
832 2172 1008 2215 volebant
1041 2168 1225 2212 Gentibus
1243 2168 1410 2210 conversi

170 2245 364 2296 imponere
383 2257 391 2281 :
417 2241 485 2281 lios
508 2255 593 2295 crgo
606 2240 684 2280 vult
697 2242 717 2279 ἐι
732 2236 914 2278 Romanis
929 2234 1143 2285 observari,
1164 2237 1203 2274 ut
1215 2244 1281 2274 eos
1297 2229 1410 2284 sugian

172 2311 208 2345 et
227 2305 273 2346 ab
295 2304 362 2346 illis
377 2310 545 2346 cns-eant.
