1410 2554
105 63 184 107 138
477 81 688 112 ems-rom
705 79 782 136 Ap
784 84 988 133 nonanus

152 133 372 179 Notandum
387 139 440 182 2⁰.
453 141 552 194 quod
566 141 647 182 haec
656 145 868 207 expressio,
891 147 931 186 e'n
946 154 1101 188 mortem
1114 175 1129 198 ,
1157 146 1365 200 significant

99 199 196 241 hanc,
212 208 370 243 mortem
392 211 558 244 nostram
579 205 718 246 debere
742 221 824 249 esse
845 211 1090 261 continuam,
1111 218 1148 253 et
1169 217 1248 251 toto
1275 211 1362 250 vitae

99 270 234 304 nostrae
256 271 424 319 tempore
442 281 619 309 crescere.
635 265 775 310 Mortui
786 284 911 312 sumus
928 278 966 312 et
981 271 1146 341 sepulti,
1154 280 1195 314 ut
1217 286 1365 327 semper

105 328 306 368 moriamur
323 329 362 379 '-
383 335 545 381 peccato.
982 352 988 356 -

156 388 380 431 Notandum
414 390 576 446 denique
614 390 713 446 quod
745 394 832 436 dicit
865 395 977 436 idem
1000 388 1235 450 Apostolus:
1257 401 1298 435 ul
1326 398 1369 435 in

101 455 266 493 novitate
284 456 374 494 vila:
386 456 633 497 ambulemus.
651 453 739 496 Hoc
759 459 858 497 enim
879 458 1012 498 indicat
1043 459 1142 513 quod
1160 461 1252 500 sicut
1268 471 1371 499 mors

97 523 225 556 nostra
245 531 265 556 a
285 526 458 569 peccato,
483 531 633 570 semper
646 519 758 560 debet
776 535 960 567 crescerez
977 523 1027 561 ita
1043 523 1116 562 vita
1135 523 1257 574 gratiae
1269 534 1371 562 sem-

98 593 170 631 per
187 579 299 620 debet
319 582 508 633 proficere.
530 579 620 622 Non
643 581 781 623 sufficit
797 580 1028 632 Christiano.
1047 584 1147 637 quod
1163 586 1210 624 sit
1227 586 1265 624 in
1285 598 1371 637 gra-

96 644 151 682 tia
169 639 332 694 Christi,
352 643 463 684 debet
482 647 518 684 in
541 658 582 684 ea
602 639 817 696 ambulare,
839 646 1040 700 proficere,
1069 646 1117 686 ad
1146 646 1368 701 ampliorem

98 705 258 759 tendere
274 706 559 757 perfectionem.

159 765 254 809 Post
276 767 480 822 Origenem
511 771 682 811 existimo
699 799 708 815 ,
745 762 844 823 quod
863 766 1133 824 Apostolorum
1146 775 1155 780 ‘
1169 777 1338 825 tempore
1355 800 1383 819 ,.

100 827 391 872 catechumenis
409 831 583 885 explicati
612 831 780 871 solebant
794 836 880 872 ante
899 832 1144 884 baptismum,
1175 830 1260 871 haec
1276 832 1373 885 bap-

106 895 260 943 tismatis
273 895 387 933 virtus
404 901 439 933 et
458 893 688 945 significatio;
706 900 745 933 et
762 893 849 934 ideo
868 899 1039 945 tanquam
1057 892 1104 933 de
1116 906 1155 933 re
1172 900 1262 933 nota
1278 890 1373 934 Ro-

108 970 238 996 manos
253 957 457 1008 interrogat
468 953 690 1007 Apostolus:
712 971 763 995 cm
778 956 1008 1006 ignoratis..

165 1015 318 1058 Utinam
340 1024 374 1058 et
393 1021 523 1057 nostris
547 1014 761 1058 Christianis
778 1017 863 1057 haec
884 1024 969 1057 nota
987 1015 1132 1067 forent,
1154 1024 1190 1057 et
1207 1019 1245 1058 in
1278 1015 1367 1058 illo—-

113 1094 192 1121 rum
210 1081 394 1120 mentibus
412 1093 564 1131 semper
589 1082 803 1132 praesentia;
823 1086 897 1118 tres
919 1077 1071 1118 effeetus
1091 1077 1170 1118 haec
1187 1080 1240 1118 eis
1265 1091 1370 1132 prae-

112 1143 297 1191 dicarent,
322 1157 414 1195 quos
437 1144 474 1181 in
508 1144 616 1183 nobis
649 1141 787 1182 habere
823 1140 937 1181 debet
969 1142 1169 1192 baptisma,
1199 1142 1372 1182 nimirum

114 1205 389 1245 similitudinem
413 1205 539 1243 mortis
552 1235 562 1252 ‚
578 1205 772 1258 sepulturae
787 1234 797 1253 ‚
823 1211 857 1244 et
875 1203 1148 1243 resurrectionis
1167 1198 1318 1244 Christi.

171 1265 271 1307 Sient
285 1264 449 1306 Christus
461 1274 622 1307 mortuus
636 1274 688 1308 est
701 1266 786 1307 huic
814 1265 952 1305 mundo
968 1270 1085 1304 morte
1097 1264 1161 1304 sua
1173 1265 1374 1319 corporali:

114 1330 164 1368 ita
196 1343 264 1368 nos
298 1326 493 1369 Christiani
523 1335 641 1369 moite
674 1326 850 1382 spirituali
876 1326 1054 1367 debemus
1086 1326 1340 1366 morimundo
1359 1355 1374 1378 ,

115 1393 266 1444 ejusque
286 1391 438 1431 domino
454 1398 489 1432 et
507 1393 580 1444 regi
598 1421 608 1440 ‚
635 1397 802 1444 peccam,
830 1396 864 1429 et
885 1390 1056 1429 continue
1074 1388 1180 1428 mori.

173 1451 270 1492 sicu·
295 1451 465 1493 Christus
493 1453 678 1506 sepultus,
702 1466 720 1492 a
737 1450 877 1491 mundo
901 1456 1086 1504 separatus
1106 1448 1196 1489 suit:
1229 1450 1278 1489 ita
1307 1464 1378 1491 nos

115 1517 287 1568 baptizati
310 1547 319 1563 ,
350 1516 490 1556 nullum
525 1530 608 1556 cum
635 1514 774 1556 mundo
801 1520 838 1554 et
858 1519 1007 1567 peccato
1031 1512 1211 1552 debemus
1240 1510 1381 1552 habere

117 1581 392 1620 commen-inm.

174 1639 271 1682 Sient
297 1640 463 1682 Christus
491 1655 682 1691 resurgens
699 1641 810 1680 vitam
833 1640 906 1691 egit
929 1636 1171 1679 immortalem
1189 1666 1200 1687 ,
1234 1639 1283 1677 ita
1310 1650 1380 1677 nos

117 1706 291 1758 bap'izati
306 1736 315 1753 ‚
345 1707 456 1744 vitam
491 1718 650 1752 novam,
687 1705 952 1755 incorruptam,
972 1706 1009 1740 et
1027 1698 1113 1741 Deo
1129 1698 1278 1750 dignam
1299 1698 1378 1739 de-

121 1770 254 1810 bemus
277 1781 396 1821 agere.
1184 1779 1238 1833 .

177 1831 233 1884 y.
252 1831 286 1871 5.
307 1834 350 1871 Si
364 1833 461 1871 cm'm
476 1830 724 1884 complantati
725 1827 836 1879 furtis
868 1842 996 1866 sumus
1010 1856 1018 1865 .
1034 1855 1044 1865 .
1059 1855 1069 1866 .
1090 1824 1268 1874 ςῦμφυτοι,
1285 1825 1384 1865 insili

120 1893 207 1950 Syr.
227 1893 265 1934 Si
295 1896 392 1935 cnnn
428 1897 497 1933 una
522 1907 609 1932 cnm
647 1906 691 1931 eo
712 1890 857 1943 plantati
877 1902 1001 1928 sumus
1019 1901 1082 1940 per
1109 1886 1384 1927 similitudinem

119 1960 248 1998 mortis
266 1959 343 2007 ejus
361 1973 368 1995 t
393 1960 437 1997 ita
458 1970 603 2009 quoqne
625 1957 660 1995 in
694 1954 974 1993 ressurrectione
1005 1952 1081 2001 ejus
1103 1951 1251 1990 erimus.

175 2018 258 2059 Hdc
290 2020 377 2059 misai
408 2017 644 2058 similitudine
675 2015 795 2055 alludit
825 2013 1025 2067 Apostolus
1055 2011 1101 2051 ad
1122 2012 1312 2051 insitiones
1347 2016 1386 2049 et

118 2076 379 2125 lnocnlationes
402 2083 622 2136 plantarum:
641 2082 730 2120 sicut
762 2080 861 2119 enim
889 2076 1045 2124 surculi
1073 2088 1137 2115 seu
1160 2072 1382 2123 ramusmti,

119 2146 166 2184 ab
184 2142 258 2187 :·nb
253 2162 314 2187 ›re
335 2148 390 2186 (ni
411 2147 636 2192 inseruntur,
667 2156 814 2182 sucrum
842 2138 1009 2185 trallunt,
1034 2139 1124 2176 etin
1148 2134 1190 2175 ei
1221 2138 1383 2181 νίνιιηῑς

116 2210 170 2248 si«
194 2223 261 2249 nos
277 2224 320 2258 p«
326 2224 339 2248 r
359 2209 578 2260 baptisnnnn
601 2202 746 2244 Clnisto
768 2205 891 2253 insiti,
913 2202 950 2241 in
969 2214 1015 2240 eo
1032 2206 1064 2238 et
1080 2198 1125 2238 ab
1145 2212 1192 2237 eo
1212 2199 1389 2237 vivimus.

174 2270 248 2313 Per
281 2274 500 2324 biplisnnnn
530 2268 575 2308 de
607 2275 780 2321 pe‹··.‚‹ato
806 2265 865 2307 vel
899 2264 945 2304 de
984 2260 1173 2303 Adamo
1152 2291 1164 2311 ‚
1197 2260 1298 2313 quasi
1336 2258 1385 2300 de

112 2334 205 2375 mala
225 2341 317 2376 teria
335 2333 547 2377 evellimur·
575 2332 611 2370 in
644 2326 799 2379 Chriso,
833 2327 931 2380 qnasi
963 2326 999 2365 in
1028 2330 1123 2364 tima
1149 2322 1272 2372 bona,
1309 2331 1377 2360 seu
