1410 2554
46 23 119 66 228⁴
409 23 622 66 msa-om
649 35 709 65 An
741 31 963 65 nonmus-
1017 30 1022 36 ·

39 97 94 137 sis
118 97 406 149 approbantibus
424 125 436 144 ‚
466 104 503 136 et
531 109 608 135 non
645 95 880 148 arguentibus
898 123 911 143 ‚
945 93 1026 135 haec
1056 96 1304 148 perpetrabat.

100 158 214 202 Unde
225 158 488 212 colliges,qut›d
503 159 566 211 qui
581 163 691 204 tacet,
702 161 785 197 cum
803 158 982 208 corrigere
1001 163 1159 206 tenetur,
1171 157 1305 211 dignus

44 229 101 264 est
113 228 247 262 morte.
267 219 418 273 Duplex
434 226 489 259 est
507 226 631 259 autem
650 219 828 258 correctio
847 232 857 256 z
875 216 1032 257 fraterna
1044 247 1056 268 ‚
1075 218 1210 258 scilicet
1222 248 1234 268 ‚
1257 216 1306 259 ad

46 301 156 343 quam
175 293 347 328 tenentur
366 300 497 325 omnes
519 298 585 337 pro
608 291 777 336 ternpore
794 283 919 323 debito
934 311 945 332 ‚
970 282 1052 322 loco
1082 289 1118 322 et
1143 285 1306 324 circum-

44 351 199 392 stantiis.
214 348 312 396 Alia,
327 363 407 401 quae
421 362 497 387 non
516 347 635 387 solum
653 353 708 387 est
724 346 770 386 ad
786 347 970 400 peccantis
986 345 1298 396 emendationem,

44 415 114 457 sed
128 416 243 467 magis
261 413 308 453 ad
327 414 473 452 bonurn
492 425 706 452 commune.

98 476 201 518 Inter
227 482 419 529 utramque
441 475 515 515 hoc
535 474 730 514 discrimen
749 480 823 523 est,
851 472 950 525 quod
976 475 1014 513 in
1033 470 1190 514 fraterne
1207 487 1300 513 cor-

41 543 207 583 rectione
231 546 349 580 cessat
370 538 542 590 obligatio
560 568 570 585 ,
601 538 664 578 ubi
694 552 772 578 non
797 543 852 576 est
881 537 1153 577 emendationis
1183 551 1267 589 spes
1287 553 1299 583 ;

42 607 134 658 quia
154 603 238 644 haec
251 604 428 642 correctio
447 602 494 641 ad
511 600 629 641 fratris
649 600 947 641 emendationem
963 599 1173 639 ordinatur:
1191 611 1297 638 secus

44 673 100 714 est
120 669 158 707 in
180 665 246 706 alia
260 696 271 715 ‚
295 666 359 705 ubi
375 666 542 718 superior
562 670 708 717 propter
731 664 1019 703 obstinationem
1035 692 1046 713 ‚
1062 665 1138 702 imo
1158 662 1302 714 pejori-

42 737 158 771 tatem
185 729 436 782 delinquentis
452 759 462 777 ‚
487 743 566 769 non
592 729 703 768 debet
719 730 739 766 ὲ
768 729 995 767 correctione
1025 741 1192 774 cessare;
1222 726 1308 779 quia

42 793 128 834 haec
144 794 322 832 correctio
339 791 386 830 ad
401 793 543 831 bonurn
562 804 757 832 commune
776 790 971 829 ordinatur.
989 785 1093 829 Vide
1114 787 1305 841 Lyranum

43 857 120 898 bic.
147 854 272 906 Quum
309 853 473 894 deflendi
503 866 590 904 ergo
611 859 664 892 tot
687 853 891 904 superiores
908 879 919 898 ‚
947 853 1007 903 qui
1036 850 1200 889 subditos
1231 860 1310 886 non

45 924 251 973 corrigunt3
274 921 424 974 quique,
442 919 491 957 ob
505 918 739 957 correctionis
757 914 956 963 desectum,
977 914 1203 954 subditorum
1221 924 1312 964 pec-

46 986 135 1024 catis
153 984 443 1026 consentientes,
463 983 545 1019 sese
563 978 629 1018 illis
648 991 772 1017 coram
790 974 872 1015 Deo
895 975 1070 1016 onerant!
1090 971 1310 1025 Approbant

45 1050 148 1089 enim
169 1045 266 1100 quod
286 1058 362 1085 non
387 1042 663 1096 reprehendunt
685 1058 692 1087 ;
722 1042 936 1094 permittunt
954 1038 1054 1091 quod
1083 1037 1310 1076 correctione

46 1118 84 1153 et
117 1111 313 1164 punitione
341 1121 419 1146 non
450 1104 689 1159 impediunt3
717 1106 799 1155 quia
826 1116 875 1142 ex
909 1101 1030 1141 officio
1045 1101 1227 1152 corrigere
1259 1104 1297 1137 et

45 1173 182 1231 punire
203 1178 390 1213 tenentur.
904 1180 907 1184 ·

466 1243 632 1286 Cunus
651 1240 899 1284 ccxcmsio.

104 1372 168 1415 Ad
192 1385 318 1413 veram
339 1371 512 1421 justitiam
533 1365 622 1406 nihil
644 1365 796 1406 contulit
822 1361 1078 1417 philosophia,
1097 1361 1180 1399 cum
1197 1364 1233 1398 et
1244 1359 1315 1411 ipsi

50 1436 263 1494 philosophi
284 1467 294 1486 ‚
315 1436 375 1488 qui
396 1431 521 1473 Deum
542 1430 748 1471 naturaliter
766 1433 948 1468 noverunt
963 1456 971 1471 ,
987 1424 1096 1464 multa
1116 1423 1162 1463 de
1178 1422 1316 1461 virtuti-

49 1503 121 1542 bus
141 1507 178 1541 et
197 1501 296 1539 vitiis
325 1495 497 1550 praeclare
524 1492 799 1539 disseruerunt,
819 1497 943 1530 tamen
967 1489 1006 1527 in
1025 1493 1099 1526 tam
1124 1486 1247 1536 gravia
1275 1489 1315 1523 et

50 1566 221 1605 enormia
235 1561 371 1602 scelera
391 1557 623 1600 ceciderunt;
647 1562 680 1594 et
698 1553 873 1607 populum
892 1581 902 1600 ,
929 1552 1030 1602 cujus
1049 1554 1148 1588 erant
1169 1547 1281 1586 duces
1301 1575 1316 1597 ‚

52 1639 179 1667 secum
199 1622 517 1677 praecipitaverunt
534 1634 542 1657 :
563 1616 663 1656 unde
681 1623 716 1655 et
738 1628 812 1655 non
829 1613 920 1654 male
941 1610 1075 1651 inferes
1094 1638 1105 1658 ‚
1129 1607 1229 1661 quod
1243 1621 1314 1649 ne-

57 1701 130 1742 que
151 1700 218 1726 nos
235 1684 426 1734 theologos
447 1681 598 1720 scientia
625 1677 832 1727 justificabit
847 1705 857 1723 ‚
878 1675 947 1713 nisi
971 1673 1105 1712 attente
1124 1670 1230 1708 nobis
1251 1680 1319 1707 ca-

55 1768 209 1795 veamus
229 1753 275 1791 ab
295 1751 408 1789 abusu
426 1748 591 1786 scientiae
607 1776 618 1795 ‚
639 1744 686 1783 de
709 1756 780 1797 quo
802 1736 848 1784 Ῠ.
870 1740 935 1780 23.
951 1740 1020 1778 nisi
1041 1742 1077 1777 et
1096 1734 1245 1774 sollicite
1263 1738 1320 1772 at-

54 1819 253 1861 tendamus
284 1818 330 1855 ab
363 1816 501 1854 bonum
538 1812 702 1852 scientiae
725 1823 830 1848 usum
846 1838 856 1858 ‚
877 1807 937 1860 qui
957 1802 1095 1844 ibidem
1123 1800 1323 1846 indicatum

52 1882 124 1922 nisi
140 1886 176 1920 et
193 1882 346 1930 insuper
362 1877 529 1915 vivamus
548 1887 593 1913 ex
611 1871 685 1911 side
703 1901 713 1923 ‚
733 1874 752 1910 ἐι
773 1868 843 1922 quai
864 1880 951 1908 vera
967 1865 1113 1917 justitia.
1134 1859 1181 1908 fi.
1205 1874 1269 1913 ¹7·

64 2001 320 2045 corollarium
329 1998 484 2051 pt‘etuh's
499 2025 510 2044 ‚
529 2008 592 2034 seu
608 1994 647 2032 e'n
662 1992 732 2030 hoc
748 1990 874 2041 capite
885 1984 1057 2026 maaeimk
1073 1980 1299 2021 observanda
1313 2005 1326 2027 ‚

449 2063 484 2095 et
501 2057 540 2094 in
554 2055 707 2106 proxim
726 2050 939 2102 redigenda.

95 2139 114 2158 0

58 2149 94 2176 ¹⁸
139 2141 459 2216 Evmcemuu
488 2169 549 2209 lux
568 2173 647 2216 est,
666 2166 796 2204 animm
815 2163 928 2201 vitam
941 2189 952 2210 ‚
965 2164 1001 2198 et
1021 2155 1128 2207 hujus
1147 2154 1232 2193 vitae
1248 2151 1332 2192 son-

58 2246 137 2283 tem
173 2238 243 2279 tibi
267 2233 530 2281 manifestans,
558 2237 597 2270 ut
628 2230 731 2268 vivas
759 2231 823 2265 :at
852 2223 914 2263 lux
950 2222 1059 2262 etiam
1097 2224 1272 2265 mortem,
1297 2220 1336 2255 et

61 2308 191 2349 mortis
211 2304 392 2356 originem
422 2299 638 2348 declarans,
673 2308 721 2335 ne
755 2292 932 2333 moriaris.
955 2286 1052 2328 Haec
1085 2285 1147 2326 lux
1182 2282 1247 2324 tibi
1272 2293 1333 2321 re-

1373 0 1397 98 l„

1380 95 1396 107 1.

1376 108 1398 212 3
