1410 2554
344 49 523 80 Tuipnex
551 38 788 80 exrosmo.
819 33 915 90 Cap.
943 39 1019 80 XI.
1225 43 1308 98 ⁸89

102 107 207 163 Hffle,
226 103 439 151 Jndaeoruin
471 109 519 150 ad
546 107 659 158 fidem
693 109 915 156 conversio,
939 116 976 149 et
1000 123 1067 163 per
1092 111 1207 154 fidem
1222 125 1312 153 vera

47 171 283 214 sanctificatio
305 199 315 218 ,
335 174 380 211 eo
401 171 516 223 magis
537 169 714 222 speranda
733 174 811 217 est,
837 168 935 222 quod
955 167 1015 209 hic
1036 171 1190 224 populus
1207 174 1253 213 sit
1268 174 1311 214 in

46 237 120 276 suis
139 234 326 288 patribus,
350 240 386 272 et
414 235 451 273 in
478 245 540 272 sua
570 232 692 272 radice
717 231 901 272 moraliter
929 233 1197 282 sanctificatu53
1218 237 1311 276 sicut

45 298 167 350 fruges
193 312 258 351 per
284 298 459 351 primitias
482 296 772 345 sanctificantur,
794 301 832 336 et
851 297 943 336 rami
962 297 1101 337 arboris
1121 311 1188 350 per
1208 299 1310 338 radi-

48 376 130 404 cem
158 367 338 409 sanctam,
373 371 452 412 quae
484 370 586 398 suam
623 359 724 410 quasi
758 357 1083 399 sanctificationem
1114 361 1152 400 in
1181 373 1304 401 ramos

49 426 189 477 trajicit.

101 514 237 558 Fateor
251 515 350 569 quod
369 514 476 568 aliqui
490 516 578 554 rami
598 515 644 554 ab
663 516 792 554 arbore
802 514 870 555 hac
881 523 1005 557 sancta
1021 516 1170 559 defracti
1190 525 1300 560 sunt:

6 627 9 630 ,
47 588 86 623 tu
105 588 244 632 autem,
266 579 289 621 ὀ
309 578 478 630 Gentius,
493 582 576 619 cum
594 593 692 630 esses
706 579 798 630 oleae
818 579 1004 633 sylvestris
1022 588 1058 621 et
1075 581 1305 626 infructuosae

46 645 232 698 surculus,
264 647 390 686 insitus
419 657 460 684 es
490 645 585 683 inter
609 656 728 682 ramos
755 642 846 682 illius
872 644 1035 696 arboris,
1069 647 1169 698 cujus
1198 648 1305 688 radix

45 711 190 751 sancta;
213 711 250 744 et
277 703 388 744 sactus
415 718 454 744 es
485 705 662 756 particeps
682 705 779 744 succi
804 705 947 756 pinguis
961 734 974 755 ,
996 719 1104 759 quem
1124 706 1303 750 naturales

44 767 134 806 rami
151 779 199 806 ex
217 765 309 805 oleae
328 765 448 805 radice
468 771 600 817 sugunt
623 779 632 803 :

100 857 204 899 Hinc
234 857 319 898 vide
346 870 394 896 ne
422 862 612 909 propterea
636 854 799 907 glorieris
823 856 997 897 adversus
1015 873 1135 900 ramos
1152 865 1300 914 rejecti-

45 922 114 961 tios
130 935 139 959 t
161 918 303 971 quodsi
321 916 443 956 efferis
461 918 583 956 animo
595 944 607 964 ‚
627 922 819 955 memento
855 917 952 970 quod
966 921 985 958 ὲ
1003 919 1125 960 radice
1143 918 1301 964 Judaica

43 980 229 1021 sustineris
251 984 288 1018 et
306 976 440 1017 foveris
460 992 469 1015 ε
490 977 547 1016 illa
565 975 655 1024 nihil
673 979 692 1015 a
709 983 744 1016 te
766 976 898 1027 trahit,
921 983 958 1018 tu
979 982 1068 1018 vero
1089 981 1135 1020 ab
1154 994 1196 1022 ea
1214 983 1300 1025 fidei

43 1041 209 1092 spiritum
225 1037 339 1078 habes
354 1054 362 1085 ;
379 1037 434 1077 illa
451 1036 541 1076 nihil
559 1038 622 1076 tibi
642 1037 774 1087 debet,
794 1044 830 1078 tu
846 1038 998 1078 multum
1014 1040 1077 1081 illi.

97 1132 209 1175 Forte
236 1134 410 1186 gloriandi
428 1128 550 1173 ansam
570 1134 738 1185 arripies,
767 1132 893 1173 dicens
915 1149 924 1172 ε
945 1131 1066 1175 Fracti
1083 1144 1166 1178 sunt
1183 1146 1296 1181 natu..

41 1200 132 1241 rales
152 1202 239 1240 rami
252 1229 262 1247 ‚
283 1207 321 1239 ut
337 1214 406 1251 ego
424 1197 582 1240 Gentilis
600 1200 792 1238 insererer.

95 1257 274 1302 Concedo
299 1260 397 1312 quod
425 1259 535 1305 dicis;
570 1258 637 1298 sed
668 1264 858 1298 memento
886 1259 985 1312 qubd
1014 1268 1164 1315 propter
1190 1276 1294 1305 suam
1312 1267 1316 1273 ’

38 1320 330 1363 ἰηεῑεὼιὶίῐείςηι
342 1320 442 1361 fracti
453 1326 535 1360 sunt
552 1334 561 1357 2
580 1325 615 1358 tu
630 1324 750 1358 autem
764 1331 828 1370 per
843 1317 954 1358 fidem
969 1318 1058 1359 oleae
1069 1320 1224 1362 insertus
1234 1337 1291 1375 es,

40 1389 78 1423 et
97 1383 133 1421 in
151 1395 193 1422 ea
205 1396 304 1423 nunc
319 1389 390 1422 stas
408 1397 418 1429 ς
439 1395 486 1420 ne
504 1386 694 1432 propterea
711 1379 900 1430 superbias
914 1407 924 1427 ‚
945 1379 1011 1418 sed
1028 1381 1148 1431 potius
1167 1383 1262 1432 ⁵time
1275 1413 1287 1433 ,

39 1462 87 1489 ne
100 1477 110 1498 ‚
125 1450 217 1488 sicut
230 1456 263 1488 et
283 1448 353 1497 illi,
375 1461 439 1499 per
454 1445 705 1486 infidelitatem
721 1443 894 1496 frangaris
909 1451 944 1484 et
964 1444 1124 1486 decidas.

93 1518 134 1561 Si
168 1521 268 1560 enim
298 1515 408 1558 Deus
430 1516 605 1557 naturales
640 1528 760 1554 ramos
788 1515 836 1554 ob
862 1514 1110 1556 infidelitatem
1133 1519 1287 1569 rejecit3

38 1582 123 1624 vide
137 1596 184 1623 ne
199 1611 210 1633 ,
230 1586 260 1622 si
276 1584 295 1621 a
307 1580 380 1620 fide
398 1579 543 1620 deficias
561 1608 571 1627 ‚
594 1585 630 1618 et
644 1585 678 1619 te
696 1577 860 1619 similiter
879 1576 1016 1629 frangat
1032 1584 1067 1618 et
1082 1582 1232 1630 rejiciat.

90 1679 142 1722 Ut
166 1693 254 1732 ergo
273 1693 348 1720 non
368 1680 574 1732 superbias,
592 1678 659 1718 sed
675 1684 712 1717 ut
729 1691 810 1717 cum
827 1676 1028 1717 humilitate
1051 1675 1137 1718 Deo
1154 1682 1285 1731 gratias

35 1757 140 1798 agas,
157 1742 243 1783 vide
263 1749 300 1782 et
320 1743 406 1782 time
418 1771 430 1792 ‚
450 1755 497 1781 ex
512 1755 583 1780 una
602 1746 699 1792 parte
714 1770 725 1789 ‚
742 1738 814 1779 Dei
831 1741 869 1780 in
884 1739 1089 1780 incredulos
1102 1745 1285 1784 severita-

34 1813 132 1855 tem,
151 1817 200 1844 ex
217 1803 326 1843 altera
345 1805 435 1844 vero
458 1810 581 1855 parte,
605 1800 675 1842 Dei
697 1814 780 1852 erga
798 1807 857 1850 te,
888 1802 949 1854 qui
967 1801 1283 1852 credis‚⁰bunita-

33 1875 130 1916 tem3
166 1867 332 1919 hancque
360 1867 398 1905 in
429 1870 463 1904 te
485 1860 566 1905 Dei
584 1865 786 1904 bonitatem
814 1862 887 1902 fide
917 1863 1081 1902 ethonis
1110 1866 1282 1917 operibus

24 1945 211 1973 conserva
241 1946 250 1970 :
277 1930 436 1982 alioquin
458 1935 495 1969 et
529 1934 564 1968 tu
593 1928 835 1980 amputaberis
851 1957 862 1977 ‚
887 1934 923 1968 et
947 1928 1118 1977 rejicietis
1143 1941 1280 1982 ampu-

30 2003 137 2039 tatus.

85 2058 161 2104 Sed
185 2068 221 2103 et
237 2055 363 2102 Judaei
381 2089 391 2110 ‚
413 2060 442 2099 si
461 2072 561 2099 suam
579 2057 745 2099 deserant
763 2055 1050 2097 incredulitatem
1065 2086 1077 2107 ,
1098 2070 1220 2098 rursus
1242 2059 1282 2102 in

31 2124 127 2166 hanc
154 2130 315 2166 sanctam
340 2123 460 2165 oleam
486 2125 689 2163 inserentur
709 2136 717 2159 :
740 2119 777 2160 id
797 2122 897 2160 enim
924 2122 1169 2174 omnipotenti
1194 2118 1278 2164 Deo

28 2201 106 2228 non
120 2190 260 2230 tantum
277 2186 447 2241 possibile
462 2215 471 2235 ‚
489 2185 555 2226 sed
570 2191 606 2226 et
621 2183 842 2226 facillimum.

87 2317 186 2361 Nam
202 2322 232 2361 si
249 2328 309 2373 tu,
331 2318 484 2362 Gentilis
503 2350 512 2370 ,
534 2324 665 2374 prccter
682 2331 825 2360 moiem
840 2330 889 2358 ex
904 2315 1058 2358 oleastro
1076 2316 1224 2357 excisus
1239 2328 1281 2366 es

225 2390 261 2416 1.
1088 2369 1138 2412 13
