1410 2554
319 59 498 90 'rmum
516 59 751 90 nxrosmo.
770 47 867 102 Cap.
879 46 954 91 IX.
1217 50 1300 92 225

93 118 150 162 Ita
176 126 216 161 ut
237 121 306 160 nisi
335 117 524 161 Dominus
543 121 770 160 exercituum
791 117 856 159 sua
883 116 998 182 gratiss¹
1026 121 1134 162 nobis
1149 119 1295 177 aliquod

6 201 7 206 ¹
30 183 237 237 ‚reliquisset
252 196 380 224 semen
393 213 406 234 ‚
423 181 586 224 funditus
605 183 852 236 periissemus.

92 332 191 375 Haec
209 337 290 374 cum
308 335 355 374 ita
377 347 418 374 se
442 333 624 381 habeant,
643 332 731 385 quid
744 331 937 372 dicemus?
949 329 995 371 Id
1009 331 1111 385 quod
1129 346 1187 373 res
1206 340 1285 381 est2

35 397 206 437 nimirum
221 394 320 447 quud
337 392 478 440 Gentes
495 407 576 447 quae
599 395 771 445 justitiam
786 392 1015 441 (secundum
1031 388 1189 444 Deum)
1211 409 1291 438 non

34 458 270 511 quaerebant,
295 458 467 508 justitiam
490 463 613 497 tamen
647 463 732 497 sunt
754 463 957 503 assecutae3
997 456 1092 497 illam
1127 458 1288 514 intelligo

30 520 203 572 justitiam
217 547 227 566 ‚
253 518 299 557 ad
316 532 429 570 quam
448 516 553 559 Deus
572 517 649 557 vult
667 531 733 570 per
750 518 860 559 fidem
882 519 1078 572 perveniri.

87 578 203 623 Israel
219 588 339 622 autem
356 582 473 634 legem
487 582 634 634 justitiae
650 594 843 635 quaerens,
860 577 912 623 ad
928 594 1055 622 veram
1071 587 1195 621 tamen
1211 582 1285 632 jus-

31 645 147 685 titiam
165 656 245 684 non
265 645 446 696 pervenit.

86 717 209 771 Quare
226 727 346 762 autem
366 717 510 761 Gentes
528 713 761 770 justificatae?
781 721 863 773 quia
892 720 930 760 in
951 716 1136 760 Christum
1157 719 1283 761 credi-

28 779 188 822 derunt:
209 796 319 834 quare
341 779 462 823 Judaei
481 795 558 821 non
588 780 790 831 justificati,
814 779 880 821 sed
900 794 920 821 a
951 781 1084 831 justitia
1111 775 1284 834 repulsi?

27 845 111 896 quia
130 845 169 885 in
197 842 385 886 Christum
408 841 559 887 credere
591 842 806 892 noluerunt,
831 843 899 884 sed
923 846 962 884 in
991 858 1100 894 eum,
1126 845 1284 899 lapidem

26 906 234 960 angularem
247 938 260 959 ‚
289 916 325 949 et
345 906 523 949 Ecclesiae
541 905 854 948 fundamentalem
885 907 1132 959 impingentes
1147 936 1160 958 ,
1180 910 1285 949 ceci-

26 964 158 1008 derunt
175 971 196 1008 ὲ
213 970 348 1021 justitia
359 1000 369 1020 ‚
390 976 427 1011 et
443 969 527 1010 ideo
544 970 565 1008 ὲ
581 967 708 1011 salute.
