1410 2554
109 46 193 93 256
407 70 429 74 ·⁷
466 49 766 89 ems-romu>
795 58 996 90 uoumos
1034 71 1037 75 ·

110 121 228 166 dem,
251 117 411 172 ostendit
433 116 604 160 Gentiles
626 117 911 172 quamplurimos
929 149 940 168 ,
962 133 1040 160 non
1059 120 1110 160 ob
1129 123 1281 172 merita,
1299 111 1368 163 sed

110 198 179 238 per
199 180 276 223 Dei
289 182 592 230 misericordiam,
617 183 706 222 vere
718 181 926 231 iustificatos
940 180 1054 237 suisset
1066 211 1079 233 ‚
1099 184 1275 237 populum
1290 180 1370 224 Dei

110 244 226 286 factos
238 276 250 298 ,
270 245 470 298 spirituales
492 242 656 290 Abrahae
677 249 798 298 filios;
824 252 908 304 quia
924 241 1212 287 credideruntin
1230 244 1367 288 Chris-

112 314 192 349 turn
212 324 224 349 ε
247 306 400 348 ,Ιοᾶξεοε
419 323 509 350 vero
529 311 740 365 plerosque,
761 313 922 354 carnales
938 308 1102 352 Abrahae
1119 307 1211 348 filios
1224 338 1237 360 ‚
1249 311 1271 349 a
1288 311 1366 362 jus-

114 372 192 411 titia
213 369 403 417 exclusos3
425 374 507 425 quia
527 370 664 415 Christi
685 374 799 416 fidem
816 373 985 430 amplecti
1001 371 1209 413 noluerunt.

172 430 288 483 Quod
317 431 363 473 de
387 433 497 485 gloria
529 450 604 477 non
633 444 775 490 agatur,
804 451 868 478 seu
890 437 937 478 de
969 429 1124 489 gratuita
1149 433 1197 474 ad
1219 432 1379 487 gloriam⁴

116 495 438 550 praedestinatione
449 504 484 538 et
499 500 757 552 reprobatione
773 501 820 541 ab
838 501 895 541 illa
905 530 918 551 ‚
938 500 1099 554 patebit,
1112 499 1143 538 si
1154 497 1201 538 ad
1215 510 1369 552 scopum

116 557 279 612 epistolae
298 559 476 609 attendas,
492 567 682 615 totumque
698 570 914 604 contextum
931 565 1011 603 sine
1023 561 1368 615 praejudicio‘legas:

116 619 254 660 nullum
279 622 379 660 enim
413 627 559 662 textum
577 625 760 676 reperies,
781 626 868 678 qui,
897 625 978 664 sive
1004 625 1042 663 in
1070 636 1181 663 sensu
1198 621 1338 663 litterali
1355 651 1368 671 ‚

119 682 201 721 sive
229 683 267 720 in
305 695 390 721 sens
415 681 654 733 uallegoflco,
674 683 722 724 de
753 684 823 724 hac
850 692 930 737 agat
955 683 1278 737 praedestinatione
1313 688 1373 724 aut

118 743 390 794 reprobatione.
426 741 588 784 Consule
617 744 687 785 hos
715 751 838 785 textus
872 749 951 787 sive
982 748 1021 785 in
1040 744 1201 797 analysi‚
1228 746 1309 785 sive
1334 745 1373 784 in

115 804 266 859 paraph.
281 807 360 846 sive
379 808 416 846 in
435 809 710 850 commentario.

170 864 423 921 Sed,inquies,
437 866 638 922 Apostolus
656 871 727 922 agit
737 885 784 911 ex
794 877 830 910 te
846 869 894 910 de
907 871 1036 921 gratia:
1049 883 1136 922 ergo
1146 868 1236 909 etde
1245 869 1371 922 gloria.

168 925 306 969 Fateor
331 930 431 982 quod
462 928 667 984 Apostolus
694 945 806 984 agens
828 932 875 972 de
896 933 1031 983 gratia,
1056 946 1104 972 ex
1129 932 1370 983 consequenti

115 996 196 1042 agat
224 991 272 1031 de
298 991 429 1043 gloria3
464 1000 642 1045 quatenus
672 1008 764 1048 quos
794 992 899 1034 Deus
914 999 1022 1033 vocat
1048 992 1094 1033 ad
1124 994 1317 1045 grauiam,-
1334 999 1373 1033 et

117 1054 301 1103 justificat.
325 1069 400 1095 non
419 1055 464 1094 ad
480 1056 587 1095 alium
607 1057 717 1097 finem
736 1057 892 1096 destinat
909 1059 1017 1108 quam
1036 1055 1082 1095 ad
1099 1056 1262 1108 gloriam.

174 1113 255 1157 Sed
269 1120 362 1157 sicut
381 1131 534 1158 necesse
560 1123 635 1158 non
657 1125 711 1159 est
740 1119 873 1159 eodem
890 1118 1004 1158 modo
1036 1117 1181 1170 disponi
1199 1124 1237 1157 et
1256 1113 1369 1157 ordi—

117 1180 195 1219 nari
213 1185 420 1233 utrumque,
441 1182 489 1221 ita
507 1186 544 1220 ut
563 1181 607 1221 ad
625 1181 776 1233 gloriam
795 1188 833 1221 et
850 1182 1004 1234 gratiam
1022 1193 1094 1220 una
1113 1182 1159 1220 sit
1178 1181 1268 1220 ratio
1284 1191 1372 1231 per-

117 1242 292 1282 veniendi
314 1244 387 1282 :ita
415 1257 570 1283 necesse
589 1258 665 1283 non
688 1251 746 1284 est
765 1244 813 1284 de
836 1257 911 1284 uno
939 1244 1180 1296 argumentari
1206 1243 1300 1281 sicut
1322 1240 1371 1281 de

117 1302 249 1350 alter03
265 1317 330 1343 seu
353 1317 399 1343 ex
414 1306 564 1356 gratuita
580 1306 702 1357 gratiae
717 1305 910 1345 collatione
931 1303 1060 1344 inferre
1078 1305 1268 1357 gratuitam
1286 1301 1372 1343 des·

116 1367 334 1406 tinationem
348 1365 394 1406 ad
413 1366 578 1419 gloriam.

414 1511 778 1544 CONSECTARIA
810 1513 870 1544 EX
899 1512 1081 1543 DlCTlS·

176 1631 319 1688 Colligo
344 1637 501 1688 primum
534 1642 662 1689 praeter
682 1643 849 1677 mentem
867 1633 1038 1687 Apostoli
1069 1635 1248 1688 quosdam
1266 1633 1375 1686 hujus

120 1711 200 1749 cap.
219 1703 342 1738 textus
362 1698 510 1750 intelligi
528 1698 574 1738 de
599 1702 751 1751 gratuita
778 1697 1096 1752 praedestinatione
1123 1697 1170 1736 ad
1191 1697 1341 1749 gloriam
1359 1726 1372 1748 ‚

119 1765 157 1799 et
177 1759 225 1800 de
253 1761 511 1813 reprobatione
530 1761 675 1810 abilin,
707 1760 753 1801 de
787 1762 918 1813 quibus
950 1773 1027 1800 non
1057 1761 1130 1812 agit
1157 1756 1372 1812 Apostolus.

120 1817 282 1862 Consule
303 1818 414 1862 Anal.
435 1819 591 1874 Paraph.
619 1820 831 1863 Comment.

177 1878 318 1935 Collige
339 1882 501 1923 secundo
519 1886 733 1938 opinionem
750 1884 796 1924 de
824 1885 974 1935 gratuita
989 1882 1306 1936 praedestinatione
1322 1882 1378 1923 ad

120 1943 292 1996 gloriam,
321 1959 397 1985 non
418 1947 464 1986 ita
485 1953 619 1987 certam
639 1960 718 1987 esse
741 1960 782 1987 ac
793 1945 985 1999 aliquando
1007 1948 1142 1998 putavi.
1161 1943 1269 1987 Vide.
1282 1959 1314 1986 c.
1333 1943 1375 1986 8.

122 2003 203 2045 refl.
222 2004 348 2059 dogm.
381 2000 428 2049 ᾖ.
466 2005 532 2047 28.
554 2023 618 2064 29.
660 2008 727 2049 30.
746 2013 872 2061 utpote
891 2020 975 2062 quae
993 2011 1030 2047 in
1053 2006 1150 2047 nullo
1170 2005 1308 2047 formali
1331 2011 1369 2046 et.

125 2079 301 2119 expresso
328 2063 529 2122 Scripturae
559 2076 661 2110 textu
691 2068 836 2110 fundata
854 2068 1022 2116 videtur,-
1041 2068 1107 2109 sed
1121 2067 1168 2108 ad
1188 2082 1374 2110 summum

119 2131 158 2169 in
177 2129 392 2182 quibusdam
413 2131 575 2171 obscuris
597 2138 632 2172 et
653 2137 783 2184 praeter
800 2137 963 2172 mentem
981 2128 1147 2182 Apostoli
1167 2128 1374 2171 intellectis.
1404 2151 1410 2163 ι

121 2188 184 2231 sic
202 2194 304 2232 enim
317 2193 511 2233 ratiocinor
529 2208 538 2231 ε

177 2253 217 2298 Si
236 2269 305 2318 qua
322 2259 434 2310 opnio
453 2258 612 2311 indigeat
633 2260 670 2299 in
692 2258 795 2299 claris
813 2263 848 2298 et
866 2259 1049 2310 expressis
1067 2254 1263 2310 Scripturae
1287 2262 1377 2298 tex-

122 2311 220 2352 tibus
237 2311 403 2363 iundad,
431 2314 590 2355 maxime
607 2311 686 2355 haec
705 2312 751 2354 de
779 2312 1099 2367 praedestinatione
1116 2310 1193 2354 Dei
1211 2310 1259 2353 ad
1286 2309 1376 2366 glo·-
