1410 2554
29 0 48 95 l‘
229 88 232 89 ⁷
317 44 495 76 mmm
516 38 749 76 ummo.
780 31 892 86 cop..
903 31 988 73 111.
1208 83 1212 86 ,
1229 45 1247 73 ι
1261 47 1308 87 ,9

0 126 6 135 ν·
30 98 203 151 [rationis
210 103 383 148 mondum
403 109 594 157 compotes
605 132 618 154 ‚
637 102 755 154 addit,
770 104 887 145 etiam
902 105 942 145 ιἰι
958 117 1040 156 eos,
1054 105 1122 158 qui
1131 118 1206 154 ῃοιι
1217 118 1307 155 pec-

45 177 220 212 caverunt
233 175 385 223 peccato
402 167 552 216 actuali,
574 181 638 208 seu
654 166 800 221 propria
819 167 1030 218 voluntate,
1050 169 1143 208 sicut
1160 165 1307 209 Adam:

7 255 9 261 ·
39 231 129 275 sola·
144 234 266 286 itaque
283 231 412 270 mortis
430 228 571 271 illorum
589 242 694 269 causa
711 227 776 269 fuit
793 235 984 281 peccatum
1006 228 1195 282 originale.

97 291 370 346 Argumentum
386 305 473 344 ergo
490 288 660 344 Apostoli
677 290 751 330 hoc
769 297 848 331 est:

99 354 230 405 Mors,
251 367 332 407 quae
354 360 408 395 est
431 366 564 406 poena,
581 351 735 392 effectus
752 359 789 392 et
805 366 931 394 comes
948 352 1136 395 individua
1150 357 1303 406 peccati,

3 454 7 478 ;
43 427 119 462 erat
132 412 175 461 >i1i
193 418 333 459 mundo
356 423 441 459 ante
469 416 609 469 legem,
633 422 668 456 et
690 419 864 469 regnabat
886 419 931 458 ab
949 415 1098 458 Adamo
1114 419 1151 457 in
1171 430 1302 458 omnes

0 478 7 483 '¹
41 482 228 533 homines,
245 483 355 523 etiam
371 482 408 520 in
422 479 501 520 illos
515 481 575 533 qui
589 486 670 520 actu
684 493 760 520 non
780 486 1034 532 peccaverant,
1047 482 1139 521 sicut
1154 477 1300 530 Adam;

0 592 1 596 Ἰ
26 557 129 601 ⁵ergo
149 550 341 596 peccatum
354 573 364 592 ‚
387 543 487 596 quod
503 549 558 584 est
578 556 684 584 causa
703 543 852 593 mortis,
873 549 950 582 erat
980 545 1018 582 in
1041 543 1213 584 omnibus
1232 542 1305 582 ho·

0 626 5 643 ι
28 607 226 666 fininibus,
244 611 354 650 etiam
369 608 585 657 infantibus,
605 613 688 647 ante
705 607 824 660 legem
845 623 855 646 z
881 606 966 647 lieet
984 612 1071 647 tune
1091 620 1168 646 non
1186 620 1303 660 repu-

0 687 3 690 ⁴
27 677 177 714 hretur
193 674 238 713 ab
260 671 472 715 hominibus
485 702 496 722 ‚
519 678 658 713 naturae
674 674 950 724 corruptionem
970 677 1007 712 et
1025 671 1141 712 solam
1158 685 1299 712 concu-

38 735 256 789 piscentiam
274 735 511 787 sequentibus
530 750 538 771 :
559 748 623 774 seu
646 734 731 774 licet
749 737 870 774 minus
891 737 911 774 a
931 730 1015 773 Deo
1037 734 1296 786 imputaretur,

36 803 164 850 utpote
178 797 345 838 nondum
367 797 445 850 lege
467 794 622 850 positiva
645 799 818 851 expresse
838 795 1078 850 prohibitum.
1134 844 1135 847 Ἴ

91 856 143 900 Et
160 873 209 899 ne
231 859 371 900 dicatur
391 858 500 900 fuisse
517 866 706 912 peccatum
734 859 890 908 actuale,
913 858 1014 898 addit
1034 863 1191 897 mortem
1207 864 1295 897 tunc

35 919 230 974 regnasse,
243 923 358 961 etiam
371 923 409 962 t‘n
426 936 487 961 eos
499 923 564 974 qui
577 928 659 961 actu
674 936 749 961 non
764 928 1022 974 peccaverunt,
1037 922 1128 961 sicut
1146 917 1271 960 Adam
1283 950 1295 969 ,

34 985 74 1028 id
93 992 163 1036 est,
180 988 215 1025 in
232 985 410 1026 insanies:
428 1000 516 1039 ergo
538 986 586 1025 ob
603 985 720 1026 solum
737 992 925 1039 peccatum
938 987 1124 1039 originale.
1141 983 1296 1027 Graecus

34 1053 157 1089 textus
177 1054 213 1088 et
241 1062 371 1089 ornnes
404 1050 595 1089 versiones
612 1046 696 1101 Syr.
714 1045 832 1090 Arab.
855 1047 1025 1102 AEthiop.
1051 1048 1209 1098 habent,
1232 1048 1298 1100 qui

34 1123 108 1151 non
121 1117 377 1162 peccaverunt.

89 1173 138 1212 In
172 1173 453 1213 similitudinem
487 1165 806 1225 praeouiicatlonis
827 1175 946 1221 Adae,
982 1173 1018 1213 id
1043 1178 1120 1222 est,
1142 1179 1292 1226 peccalo

33 1234 153 1288 aliquo
171 1236 322 1286 actuali,
354 1238 446 1276 sicut
465 1234 610 1287 Adam,
635 1240 699 1290 qui
714 1245 769 1276 est
788 1237 923 1289 forma
938 1235 1080 1288 futuri.
1099 1233 1167 1277 Gr.
1184 1243 1292 1290 typus

32 1295 124 1339 iltius
151 1295 272 1337 futuri.
291 1296 379 1351 Syr,
398 1299 459 1350 qui
481 1305 535 1338 est
556 1306 666 1353 typus
682 1294 785 1350 eim,
807 1302 866 1353 qui
890 1306 964 1340 erat
986 1298 1145 1349 futurus,
1166 1300 1204 1339 id
1227 1306 1294 1348 est,

33 1360 96 1411 qui
111 1356 276 1399 Adamus
298 1367 374 1400 erat
396 1368 506 1415 typus
537 1368 571 1402 et
595 1361 704 1414 ligura
735 1359 871 1402 Christi
890 1362 1032 1402 venturi
1066 1367 1102 1401 et
1130 1375 1252 1403 rerum
1273 1367 1293 1403 ἐι

30 1414 180 1463 Christo
198 1423 453 1473 gerendarum.

0 1527 1 1530 Ἴ
85 1479 231 1523 Similes
265 1484 439 1538 equidem
475 1492 587 1536 sunt,
617 1487 684 1527 sed
715 1490 752 1527 in
788 1489 1032 1537 contrarium,
1052 1484 1234 1533 Adamus
1254 1494 1291 1527 et

0 1558 1 1571 ³
29 1539 198 1585 Christus
217 1561 226 1584 :
243 1553 395 1600 uterque
409 1555 514 1602 caput
531 1556 567 1589 et
586 1551 707 1602 origo,
729 1550 785 1589 ille
809 1552 966 1602 peccati,
988 1549 1050 1590 hic
1066 1553 1208 1602 gratiae;
1228 1550 1286 1590 ille

30 1608 159 1647 mortis
173 1638 184 1658 ‚
206 1607 266 1648 hic
286 1610 390 1656 vitae;
410 1610 468 1653 ille
486 1611 730 1652 damnationis
742 1642 753 1661 ‚
772 1610 832 1652 hic
846 1611 969 1652 salutis
987 1612 1124 1664 gloriae.

42 1695 61 1718 μ
81 1667 250 1712 Adamas
269 1672 481 1724 peccando,
512 1677 760 1727 posteritatem
786 1689 887 1715 suam
911 1676 1093 1729 perdidit:
1116 1673 1284 1717 Christus

21 1732 245 1787 moriendo,
268 1747 383 1786 genus
404 1735 607 1777 humanum
627 1739 821 1790 reparavit.

42 1823 46 1826 ·
82 1790 252 1837 Adamus
268 1811 386 1850 erge,
410 1801 464 1840 sui
481 1801 518 1839 in
536 1813 605 1839 nos
633 1803 772 1852 peccati
804 1800 1067 1851 translusione,
1105 1801 1283 1854 figurabat

24 1854 163 1899 Christi
198 1861 344 1910 justitiae
374 1864 412 1903 in
434 1878 502 1904 nos
537 1864 842 1907 transfusionem:
860 1866 1196 1919 quemadmodum,
1221 1869 1284 1908 in-

26 1921 103 1973 quit
120 1918 170 1961 D.
190 1916 342 1975 Chryst.
358 1920 524 1966 Adamus
545 1926 716 1966 omnibus
733 1930 754 1966 ὲ
771 1941 811 1967 se
832 1926 1004 1975 (etiamsi
1023 1928 1069 1968 de
1086 1928 1186 1980 ligno
1205 1941 1280 1969 non

25 1984 326 2038 comedissent),
356 1995 479 2030 auctor
511 1992 637 2030 mortis
673 1993 812 2031 exstitit
845 1992 941 2041 ejus,
967 2006 1047 2044 quae
1077 1993 1126 2032 ob
1156 1992 1280 2034 cibum

26 2043 126 2089 filum
157 2051 360 2091 introducta
379 2060 456 2093 est:
475 2054 528 2093 sic
547 2060 583 2094 et
603 2051 771 2096 Christus
793 2058 963 2095 omnibus
983 2059 1003 2095 a
1019 2071 1077 2106 se,
1116 2058 1283 2109 quamvis

25 2108 441 2164 juste-uoniagentibus‘,
463 2117 610 2166 justitiae
633 2124 764 2158 tamen
787 2119 996 2159 conciliator
1015 2121 1155 2160 exstitit
1175 2120 1253 2169 ejus
1267 2149 1279 2170 ‚

27 2184 136 2224 quam
151 2176 320 2234 omnibus
341 2179 450 2218 nobis
469 2192 533 2231 per
551 2194 696 2221 crucem
715 2181 866 2232 largitus
889 2189 957 2223 est.

82 2230 136 2282 ss.
159 2235 222 2277 15.
235 2238 310 2278 Sed
324 2255 398 2281 non
420 2242 517 2281 sicut
534 2243 725 2284 delictum.
749 2240 862 2285 Dixit
883 2257 989 2285 versu
1012 2245 1073 2292 14.
1090 2242 1284 2286 Adamum

27 2291 138 2345 fuisse
154 2303 284 2352 typum,
298 2298 431 2348 Christi
441 2306 557 2358 ,quia
572 2308 662 2348 sicut
682 2306 739 2348 ille
756 2308 927 2349 omnibus
945 2311 966 2349 a
986 2323 1026 2349 se
1046 2311 1138 2351 natis
1150 2339 1162 2360 ‚
1185 2323 1278 2350 auc-
