1410 2554
315 100 482 133 'rnrrusx
510 99 734 143 znosmo.
761 86 855 141 Cap.
885 87 1006 128 VIII.
1210 103 1283 147 ¹9¹

93 163 157 206 111·
179 165 267 204 vere
281 169 369 203 sunt
381 160 458 203 filit
477 161 567 218 Dei,
593 167 629 200 et
647 164 916 212 consequenter
935 156 1104 199 haeredes
1125 156 1230 209 illius,
1246 165 1288 200 ut

40 227 181 269 dicetur
199 222 245 271 fi.
270 240 316 279 17
333 256 344 275 ‚
365 233 400 266 et
418 225 500 266 ideo
519 225 648 265 vivunt
669 237 751 264 cum
773 221 846 262 illo.

92 287 209 332 Notat
225 288 287 329 hic
301 286 350 330 D.
369 283 506 339 Chrys.
527 286 626 340 quod
639 299 716 326 non
734 285 866 325 dixerit
887 279 1086 335 Apostolus
1099 298 1111 320 ε
1129 283 1287 335 quicum-

37 369 108 408 que
127 353 300 408 Spiritum
317 358 534 405 acceperuut
551 382 560 400 ‚
586 349 625 391 hi
647 356 732 390 sunt
760 349 824 390 titii
858 346 933 388 Dei
952 363 962 388 z
981 343 1049 387 sed
1065 350 1287 400 quicumque

36 419 170 470 spiritu
199 417 278 456 Det
301 422 489 466 aguntum·
516 412 710 461 ducuntur,
731 417 920 464 reguntur,
937 416 976 450 ut
995 410 1165 451 ostendat
1187 411 1285 464 quod

35 496 112 524 non
138 480 270 522 sufficit
298 478 471 532 Spiritum
503 485 669 519 sanctum
701 480 739 517 in
771 478 953 529 baptismo
985 477 1187 530 recepisse;
1219 475 1286 516 sed

34 550 212 597 praeterea
234 544 391 596 requiri,
411 550 450 583 ut
480 544 501 582 a
529 539 665 595 Spiritu
685 547 812 582 sancto
831 553 997 591 regamur
1012 570 1022 589 ‚
1047 554 1167 593 eoque
1190 539 1284 580 duce

35 615 73 650 et
92 614 234 649 rectore
250 605 325 648 vita
343 606 514 660 spirituali
534 613 570 646 et
586 603 766 646 Deisormi
786 606 964 644 vivamus.

89 668 152 711 Ex
162 670 293 711 eodem
308 668 357 710 D.
375 667 507 722 Chrys.
523 682 599 708 non
613 675 738 708 nostro
753 667 933 707 debemus
950 667 1112 706 instituto
1126 669 1254 708 vivere
1269 682 1280 713 ς

34 731 103 773 sed
119 745 202 780 nos,
227 730 264 770 id
283 736 360 779 est,
393 737 430 770 et
448 743 580 782 corpus
603 736 640 770 et
658 730 818 769 animam
846 726 1028 766 debemus
1045 723 1194 779 Spiritui
1208 725 1284 768 Dei

33 792 236 842 subjicere,
257 798 296 831 ut
313 792 546 844 gubernatori
567 792 723 842 navigii,
742 796 781 829 ut
799 789 929 840 aurigae
952 794 1089 828 nostro.

86 850 179 893 Illud
195 859 317 892 autem
335 880 346 901 ‚
364 854 437 904 agi,
455 854 529 903 regi
546 881 556 897 ,
575 852 789 904 gubernari,
807 861 929 900 neque
950 851 1191 898 coactionem,
1213 864 1282 890 ne-

34 929 104 968 que
121 918 373 956 necessitatem
386 918 552 967 importat
566 945 577 965 ‚
592 915 658 955 sed
680 918 896 967 motionem,
915 928 978 955 seu
995 914 1175 967 passivam
1188 926 1283 952 nos-

32 983 99 1017 trae
114 977 307 1016 voluntatis
324 977 597 1017 inclinationem
613 1008 624 1027 ‚
655 991 735 1030 quae
768 993 846 1019 non
870 977 1029 1019 excludit
1049 975 1255 1016 libertatem
1269 1006 1280 1026 ‚

33 1036 103 1092 qua
115 1038 317 1092 homoipse
337 1047 434 1092 agat,
455 1047 490 1079 et
509 1042 670 1093 seipsum
686 1048 784 1092 agat,
807 1044 946 1094 agimur
961 1046 998 1079 et
1020 1040 1172 1090 agimus.

86 1101 214 1156 Itaque
228 1106 353 1156 spiritu
370 1107 550 1153 vivamus,
567 1118 745 1156 regamur,
765 1108 888 1158 spiritu
902 1104 1012 1144 malas
1029 1103 1283 1143 interficiamus

32 1164 260 1216 cupiditates,
273 1179 346 1204 non
360 1165 518 1206 carnales
534 1170 670 1206 tanturn
689 1181 697 1211 ;
713 1167 779 1207 sed
795 1174 829 1206 et
849 1166 1073 1219 superbiam,
1088 1164 1281 1214 invidiam,

29 1226 211 1280 propriam
230 1227 452 1267 voluntatem
468 1257 479 1276 ‚
498 1235 566 1268 etc.
585 1230 632 1268 ita
651 1232 776 1268 vivere
794 1231 917 1281 spiritu
933 1258 943 1275 ‚
966 1231 1013 1267 ita
1031 1228 1170 1278 spiritui
1188 1226 1280 1265 obe-

29 1290 107 1332 dire
121 1322 132 1341 ‚
147 1293 220 1331 vita
239 1295 326 1332 vere
347 1289 550 1332 Christiana
562 1300 618 1332 est
634 1310 642 1339 ;
664 1298 738 1333 vita
755 1294 910 1334 fitiorum
931 1290 1004 1333 Dei
1021 1298 1094 1338 est;
1111 1294 1169 1331 via
1187 1297 1281 1331 certa

29 1353 83 1393 ad·
96 1362 269 1396 aeternam
287 1358 447 1408 corporis
465 1363 499 1395 et
519 1357 650 1396 animae
673 1359 784 1397 vitam
797 1386 808 1406 ‚
834 1357 934 1406 cnjus
957 1354 1111 1395 arrhabo
1127 1361 1163 1395 et
1187 1368 1280 1406 pre-

26 1417 118 1455 tium
137 1422 190 1456 est
210 1414 364 1469 Spiritus
379 1414 535 1456 Sanctus
558 1410 602 1457 Ῠ.
629 1433 642 1456 ι
656 1433 691 1458 1.

83 1474 138 1526 fi·
161 1480 223 1519 ¹5.
247 1480 335 1519 Non
364 1483 466 1519 enlm
498 1482 695 1532 accepistis
720 1479 892 1533 spirltum
916 1478 1111 1518 semirutis.
1141 1476 1280 1519 Probat

27 1555 108 1590 eos,
133 1543 259 1596 qm'sic
274 1546 404 1596 spiritu
422 1545 492 1584 Dei
506 1553 689 1595 aguntur,
715 1559 795 1585 esse
808 1543 880 1585 Dei
896 1545 986 1584 filios
1002 1558 1010 1589 ;
1032 1545 1113 1596 quia
1123 1543 1183 1583 hic
1198 1547 1279 1596 spi-

27 1607 115 1646 ritus
135 1614 189 1647 est
205 1607 415 1660 adoptionis
436 1607 588 1647 filiorum
604 1609 763 1660 spiritui&
788 1615 825 1648 et
843 1608 888 1647 ad
923 1607 995 1646 hoc
1010 1607 1119 1646 nobis
1149 1607 1252 1647 datus
1266 1637 1276 1655 ,

26 1675 66 1708 ut
84 1669 215 1710 eodem
233 1672 359 1722 spiritu
379 1685 460 1710 curn
472 1668 617 1711 Christo
633 1669 728 1711 Filio
745 1670 837 1720 Dei,
852 1671 1050 1711 clamemus
1068 1670 1114 1711 ad
1132 1668 1252 1712 Deum
1270 1688 1277 1710 :

30 1728 148 1770 Pater
159 1740 292 1773 noster.
312 1730 406 1772 Vide
423 1747 544 1785 parem
558 1740 699 1774 textum
715 1734 761 1773 ad
778 1730 898 1774 Galat.
914 1733 950 1782 4.
973 1725 1018 1773 fi.
1033 1732 1071 1772 6.

86 1790 174 1830 Νοη
194 1793 292 1831 em‘m
312 1794 509 1843 accepistis
527 1797 566 1834 in
582 1796 763 1847 baptismo
785 1795 1003 1846 Spiritum..
1016 1823 1026 1834 .
1044 1823 1054 1833 .
1075 1797 1113 1832 in
1133 1798 1278 1838 timore.

29 1847 97 1890 Gr.
115 1853 151 1891 in
169 1854 352 1894 timorem.
373 1851 464 1908 Cyr.
485 1854 530 1894 ad
549 1857 719 1895 timorem
736 1886 747 1904 ‚
775 1855 820 1895 ad
851 1855 1059 1895 timendum
1073 1884 1083 1902 ‚
1109 1863 1144 1895 et
1174 1871 1277 1899 more

26 1926 228 1963 servorum,
252 1917 380 1957 timore
402 1931 519 1970 poenae
542 1919 795 1960 obediendum
814 1936 822 1958 ε
845 1920 1004 1965 ilerum:
1027 1918 1063 1958 id
1086 1926 1165 1970 est,
1186 1923 1278 1961 sicut

26 1986 247 2031 acceperunt
263 1978 398 2020 Judoei.

87 2037 163 2080 Sed
181 2042 322 2092 inquies
348 2058 356 2080 :
387 2042 563 2095 numquid
583 2037 665 2094 justi
687 2044 722 2082 in
744 2043 823 2095 lege
846 2045 961 2083 veteri
974 2050 1074 2083 erant
1094 2043 1157 2083 filii
1176 2041 1276 2085 Dei?

30 2100 148 2154 Resp.
168 2103 265 2155 quod
289 2112 389 2144 erant
413 2104 575 2158 quidem,
601 2105 667 2145 sed
684 2107 859 2154 minores,
877 2112 914 2145 et
932 2100 1035 2158 quasi
1060 2108 1183 2154 servi,
1207 2108 1276 2148 sub

31 2162 112 2217 lege
131 2169 230 2218 quasi
251 2169 316 2208 sub
348 2169 570 2222 paedagogo‚
596 2177 631 2210 et
663 2174 683 2209 a
712 2172 830 2211 servis
859 2173 896 2210 in
932 2170 1047 2210 nihilo
1072 2171 1278 2213 dissimiles.

31 2221 130 2266 Vide
150 2223 268 2268 Galat.
291 2229 371 2279 ml„
395 2223 439 2271 3⁵.
462 2230 498 2270 5.

81 2287 158 2325 Sed
181 2290 374 2340 accepistis
404 2292 573 2340 spiritum
609 2289 823 2342 adoptionis
845 2320 854 2330 .
873 2321 882 2330 .
903 2322 912 2330 .
929 2291 1074 2332 filialem
1100 2322 1111 2342 ,
1145 2292 1281 2332 scilicet

25 2344 251 2398 charitatem,
272 2350 345 2390 imo
369 2356 405 2391 et
425 2351 542 2404 ipsum
562 2348 736 2406 Spiritum
756 2358 932 2392 sanctum.
947 2349 1046 2394 Vide
1062 2366 1094 2394 c.
1113 2351 1151 2393 5.
1169 2350 1223 2403 Υ.
1244 2354 1284 2394 5.
