1410 2554
410 280 983 364 PROLOGUS

225 445 280 482 ΙΝ
307 442 475 481 OMNES
499 442 684 479 SANCTI
717 442 866 480 PAULI
891 442 1172 480 EPISTOLAS.

67 767 242 818 decem
276 766 340 816 ad
378 767 654 830 Ecclesias3
689 766 753 816 ad
790 767 1076 829 Romanos,
1109 767 1328 831 scilicet,

70 868 224 900 unam
239 885 253 910 ‚
281 848 345 898 ad
367 849 657 898 Corinthios
676 847 799 897 duas
815 884 828 908 ‚
850 848 914 897 ad
935 849 1135 897 Galatas
1152 866 1326 912 unam,

68 934 135 985 ad
162 934 403 1000 Ephesios
442 950 622 993 unam,
663 932 727 982 ad
767 933 1110 999 Philippenses
1144 952 1328 997 unam,

67 1014 133 1067 ad
168 1015 502 1065 Collossenses
545 1033 726 1076 unam,
765 1015 829 1065 ad
861 1015 1332 1068 Thessalonicenses

70 1099 212 1161 duas,
229 1098 291 1148 ad
305 1098 546 1148 Hebraeos
562 1117 732 1160 unam3
750 1108 966 1164 quatuor
981 1099 1042 1148 ad
1055 1101 1331 1166 singulares

66 1198 304 1248 personas
325 1216 338 1239 ,
359 1197 537 1245 nempe
559 1178 684 1228 duas
706 1179 770 1228 ad
788 1180 1110 1230 Timotheum
1136 1219 1148 1243 ,
1177 1202 1330 1234 unam

65 1261 132 1310 ad
151 1261 322 1310 Titum
346 1268 395 1307 et
422 1277 574 1308 unam
597 1259 659 1307 ad
684 1259 1043 1310 Philemonem.

17 610 20 614 ’
73 577 520 683 QUATUORDEOEM
536 604 782 672 Epistolas
802 606 866 654 D.
892 606 1078 655 Paulus
1096 606 1298 670 sci-ipsit
1314 640 1327 666 ,

0 595 26 943 ἱ
70 707 173 739 non
191 699 294 738 tam
325 697 635 748 atramento,
657 687 806 752 quiun
835 686 1025 752 Spiritu
1053 687 1149 735 Dei
1189 687 1326 737 vivi:

5 944 12 969 ἱ

3 1050 25 1434 Ι
134 1342 330 1408 Legunt
352 1340 579 1406 quidam,
601 1350 649 1390 et
677 1341 737 1390 ad
762 1342 1120 1407 Laodicenses‚
1148 1345 1235 1394 sed
1261 1347 1326 1396 ab

2 1443 18 1486 g
38 1464 42 1467 Α
68 1423 301 1475 omnibus
324 1422 638 1489 exploditur,
665 1425 733 1473 ait
752 1424 817 1471 D.
841 1425 1181 1495 Hieronymus
1198 1463 1211 1487 ,
1233 1427 1324 1477 lib.

16 1506 21 1511 ’
67 1504 131 1554 de
157 1503 268 1552 Vir.
298 1501 480 1550 illustr.

127 1585 202 1634 De
220 1585 314 1633 hac
328 1582 390 1631 ad
403 1582 561 1632 Laod.
582 1583 787 1649 epistola
805 1620 819 1644 ‚
835 1584 950 1633 vide
965 1603 1074 1651 cap.
1097 1588 1152 1648 4,
1177 1588 1322 1653 epist.

26 1683 33 1697 ³
67 1665 129 1715 ad
154 1665 343 1715 Coloss.
385 1661 436 1711 77.
463 1664 540 1713 16.
561 1664 690 1713 Vide
709 1667 859 1714 etiam
881 1667 1080 1716 Praefat.
1103 1669 1156 1716 in
1178 1671 1324 1735 epist.

0 1744 2 1820 j
33 1775 35 1778 .
63 1744 130 1795 ad
151 1746 410 1810 Ephesios.
747 1796 750 1798 ,

9 1610 45 1914 t·
132 1829 339 1880 Constat
363 1828 563 1894 quidem
586 1829 719 1895 apud
741 1848 911 1879 omues
931 1830 1064 1895 quud
1086 1832 1164 1880 hae
1197 1851 1325 1897 qua-

15 1918 20 1923 ’
65 1908 346 1958 tuordecim
363 1907 595 1975 Epistolae
627 1927 728 1958 non
748 1911 855 1958 'sint
882 1911 934 1957 in
970 1910 1141 1958 Bibliis
1167 1911 1325 1961 collo-

64 1999 216 2050 catae,
257 2007 316 2039 eo
357 2007 457 2056 quo
490 1991 686 2056 scriptae
722 1990 929 2039 fuerunt
962 1991 1161 2055 ordine3
1195 1995 1326 2044 sicut
1374 1980 1380 1987 ⁸

13 1992 42 2242 ἱ
65 2073 328 2125 duodecim
352 2077 614 2142 Prophetae
631 2094 732 2125 non
752 2078 936 2125 suntin
962 2077 1133 2127 Bibliis
1148 2077 1326 2127 ordine

31 2159 37 2220 J
61 2162 347 2220 temporum
380 2156 638 2217 collocati,
670 2160 735 2206 ait
754 2158 820 2205 D.
852 2158 1069 2207 Joannes
1100 2159 1326 2227 Chryso-

10 2246 282 2304 '5==,'stomus;
308 2244 435 2292 sicut
455 2242 634 2291 Psalmi
667 2242 900 2292 Davidici
927 2247 1165 2311 temporis
1182 2245 1323 2295 ordi-

18 2317 36 2554 ι
72 2336 187 2369 nem
212 2340 314 2373 non
334 2323 526 2373 habent
546 2360 559 2385 ,
587 2325 655 2374 ait
677 2323 1047 2376 Theodoretus.
