1410 2554
523 34 873 81 sennenn-ronne.
1223 35 1302 64 xxv

61 103 158 157 prius
173 100 220 140 sit
236 100 258 139 a
273 97 416 139 duobus
433 93 618 147 theologis*
628 96 742 136 nostri
763 91 915 140 ordinis,
941 91 963 131 a
981 89 1185 132 reverendo
1202 95 1316 143 patre*

0 184 2 187 v
62 159 280 215 provinciali
308 172 374 200 suo
403 159 607 210 assignatis,
642 154 884 209 approbatus,
907 153 1133 206 servansque
1160 150 1238 192 aliis
1259 150 1306 191 de

65 226 143 276 iure
159 222 360 264 servandis.

119 283 255 328 Datum
272 283 430 336 Romae,
448 283 509 324 die
527 281 576 324 13
594 281 683 334 junii
708 291 826 331 ¹70²·

624 355 671 398 F.
689 353 979 404 Aususmus,
1001 352 1239 406 supradictus.

312 565 608 618 Approbationes
634 563 899 615 Theologorum
913 563 1066 603 ordinis.

0 739 6 777 ³»,
70 683 203 769 Eoo
221 727 481 780 infrascriptus,
495 741 542 768 ex
562 725 708 778 speciali
726 727 982 766 commissione
993 724 1189 765 reverendi
1203 726 1312 778 patris

3 842 5 844 q
29 835 33 838 Δ
65 788 238 842 Hugonis
266 787 446 839 Parisini,
480 789 677 842 provinciae
709 785 926 827 Parisiensis
955 785 1100 826 fratrum
1129 788 1314 826 minorum

2 847 11 873 ἶ
65 847 111 892 S.
147 848 332 891 Francisci
357 848 626 901 Capucinorurn
656 846 902 900 provincialis,
934 846 1005 899 legi
1025 847 1157 886 librum
1184 849 1242 887 cui
1267 849 1316 888 ti-

65 911 158 952 tulus
176 917 230 950 est
245 926 252 949 :
267 910 520 962 Epistolarum
534 908 648 946 Beati
655 905 775 945 Pauli
787 906 1103 958 Apostolitn'plex
1114 907 1316 958 expositioj

72 974 255 1024 Amlysi,
282 971 517 1022 paraphrasi
535 977 572 1008 et
598 969 873 1010 Commentario
887 999 898 1019 ‚
934 984 954 1010 a
983 970 1189 1010 reverendo
1211 978 1314 1024 patre

79 1031 336 1074 Bernardinoa
369 1030 539 1080 Piconio,
579 1031 747 1082 ejusdem
769 1031 907 1072 ordinis
940 1038 977 1072 et
999 1032 1199 1084 provinciae
1217 1035 1322 1074 anti-

4 1097 16 1119 Γ»
71 1107 143 1147 quo
158 1093 292 1134 lectore
308 1092 478 1144 theologo
493 1098 530 1132 et
543 1091 734 1132 definitore
751 1122 762 1142 ‚
784 1093 1051 1144 compositum;
1070 1094 1110 1132 in
1136 1106 1211 1145 quo
1238 1106 1316 1135 non

5 1157 9 1195 f
68 1157 187 1198 solum
202 1156 292 1197 nihil
305 1158 375 1197 nisi
393 1169 520 1196 sanum
532 1183 545 1205 ‚
567 1161 604 1195 et
623 1154 842 1196 orthodoxae
857 1154 943 1196 fidei
961 1156 1113 1196 omnino
1126 1156 1316 1197 conforme

4 1224 7 1252 3
69 1218 188 1269 reperi
202 1231 212 1260 ς
229 1216 296 1256 sed
313 1223 350 1256 et
367 1217 513 1255 miratus
529 1228 611 1254 sum
622 1214 834 1256 industriam
847 1213 1035 1265 Auctoris,
1051 1214 1121 1267 qud
1132 1217 1184 1256 sic
1194 1218 1316 1256 omnia

68 1280 407 1331 interpretationum
428 1289 560 1328 genera
577 1277 613 1316 in
625 1289 740 1316 unum
757 1277 898 1330 collegit
913 1291 1004 1330 opus
1018 1294 1028 1325 ;
1043 1283 1082 1317 ut
1098 1282 1136 1316 et
1149 1278 1315 1317 omnium

66 1345 274 1380 sanctorum
291 1340 526 1390 interpretum
545 1336 673 1386 finem,
686 1338 907 1380 intellectum
920 1340 1055 1381 scilicet
1073 1338 1313 1386 illuminandi,

64 1407 101 1441 et
118 1399 341 1440 voluntatem
363 1398 613 1439 inflammandi
634 1399 791 1453 perfecte
814 1403 862 1442 sit
889 1402 1058 1454 adeptus.

119 1459 167 1502 In
179 1460 322 1501 duobus
337 1460 519 1512 siquidem
545 1462 866 1502 commendatione
884 1463 1014 1515 dignus
1028 1471 1084 1505 est
1103 1472 1228 1507 noster
1253 1466 1315 1508 hic

69 1519 223 1563 Auctor.
234 1518 402 1562 Primum
415 1526 488 1570 est,
509 1521 607 1573 quod
630 1525 745 1562 sancti
770 1519 873 1563 Pauli
890 1530 1056 1564 mentem
1084 1524 1234 1567 feliciter
1249 1540 1316 1566 as—

69 1589 253 1635 sequatur,
271 1583 420 1634 ejusque
439 1581 628 1622 litteralem
636 1595 785 1622 sensum
792 1584 953 1624 breviter
969 1591 1130 1637 exponat
1141 1591 1178 1626 et
1198 1586 1309 1636 clare3

67 1646 193 1698 sicque
214 1642 419 1684 coelestibus
437 1640 599 1683 Paulinae
615 1642 789 1685 doctrinae
805 1645 915 1686 radiis
941 1654 1108 1688 mentem
1123 1650 1178 1688 sui
1206 1647 1315 1691 Lec—

11 1707 15 1763 s
67 1706 154 1746 toris
182 1706 316 1745 mirum
346 1704 386 1744 in
409 1704 564 1754 modum
594 1704 752 1746 illustrat.
777 1704 988 1748 Secundum
1000 1737 1013 1758 ‚
1044 1709 1143 1761 quod
1171 1707 1321 1755 Paulini

18 1783 21 1785 ·
57 1767 224 1830 pgctoris
237 1778 364 1805 arcana
382 1771 417 1806 et
433 1767 629 1818 penetralia
645 1767 743 1807 velut
768 1770 949 1821 ingressus
964 1799 976 1820 ‚
1001 1767 1315 1815 commentarium

67 1829 188 1870 multis
220 1828 357 1880 repleat
392 1829 576 1880 religionis
606 1836 643 1870 et
674 1830 856 1872 charitatis
883 1832 1096 1880 affectibus;
1117 1836 1242 1888 sicque
1263 1839 1314 1888 pii

72 1887 240 1930 Lector-is
267 1888 489 1943 voluntatem
507 1889 641 1930 divinis
657 1890 844 1932 ardoribus
861 1896 1018 1935 suaviter
1048 1893 1248 1936 inflammat
1277 1903 1315 1938 et

72 1949 252 1990 accendit.
266 1944 355 1988 Hoc
370 1950 476 2001 igitur
494 1949 705 2002 praeclarum
719 1965 822 2004 opus,
838 1955 937 2006 quod
955 1958 1142 2010 antiquum
1154 1958 1314 2000 dixerim

12 2017 17 2029 ·'
73 2017 110 2052 et
127 2024 264 2051 novum
280 2024 290 2055 ς
323 2012 535 2064 antiquum,
571 2012 692 2065 quoad
715 2028 835 2055 rerum
860 2018 1120 2066 substantiam
1152 2033 1314 2068 novum,

73 2070 193 2120 quoad
207 2069 383 2117 modum
407 2075 505 2113 nove
524 2075 660 2113 etenim
671 2103 681 2123 ‚
697 2074 866 2128 novaque
883 2075 1060 2118 methodo
1075 2107 1087 2128 ‚
1112 2086 1151 2119 et
1165 2081 1317 2133 quidem

0 2139 18 2197 ’ἦ
77 2145 161 2172 cum
179 2144 222 2172 ea
241 2143 323 2184 quae
341 2132 502 2183 optanda
520 2139 597 2184 est,
617 2140 695 2174 tum
711 2139 962 2188 perspicuitate
974 2167 986 2189 ‚
1006 2143 1083 2179 tum
1100 2140 1264 2181 doctrina
1281 2148 1321 2186 et

75 2197 210 2250 pietate
226 2225 239 2246 ‚
261 2196 428 2236 divinum
458 2196 674 2252 Apostolum
698 2201 878 2252 explicat;
895 2202 969 2244 hoc
983 2232 996 2253 ‚
1023 2207 1193 2258 inquam,
1228 2222 1318 2262 opus

76 2257 176 2309 prelo
192 2257 284 2304 dan',
298 2263 335 2298 et
344 2257 487 2311 publice
501 2258 663 2300 fidelium
672 2260 812 2304 utilitati
824 2262 990 2304 exhiberi
1005 2264 1155 2318 dignum
1171 2282 1321 2312 censeo.

259 2323 283 2350 1.
1126 2317 1152 2358 6
