1410 2554
105 81 189 134 324
322 127 326 130 ,
397 79 401 92 ⁷
489 88 698 124 ems-romu,
727 93 784 122 An
810 78 1007 123 nominos

103 155 248 210 lingua,
275 160 312 193 et
345 153 437 196 faeta
455 160 510 193 est
526 153 687 199 oblati03
711 151 802 192 nihil
831 153 946 204 iniqui
973 154 1175 193 committat
1204 161 1364 204 manus‚·

105 226 144 258 et
165 218 258 258 sacta
275 224 331 258 est
349 217 628 257 holocautomat
644 218 720 256 imo
732 229 809 254 non
829 213 1013 255 sufficiunt
1029 217 1117 265 ista,
1131 216 1198 256 sed
1216 218 1363 257 utbona

106 282 218 320 etiam
238 279 410 320 faciamus
445 291 537 331 opus
565 284 646 325 est,
670 278 842 317 nimirum
877 283 918 316 ut
947 276 1223 329 eleemosynam
1257 277 1364 319 faciat

106 355 257 387 manus;
279 341 474 381 calumnias
497 337 741 379 inserentibus
763 337 960 378 benedicat
979 350 1045 384 os;
1066 337 1208 377 auditus
1227 338 1362 379 divinis

106 406 280 446 continue
307 404 540 444 sermonibus
561 407 689 442 vacet:
707 401 798 441 nihil
816 396 918 441 enim
946 400 1125 441 immundi
1146 400 1262 441 habet
1278 400 1362 441 haec

105 464 247 512 hostia;
267 465 428 515 {aliorum
461 465 636 517 primitias
661 463 911 516 complectitur
932 461 1015 502 haec
1041 463 1159 503 hostia
1179 475 1189 501 τ
1220 470 1258 503 et
1291 471 1362 504 nos'

106 529 214 581 igitur
233 535 307 568 tam
321 526 496 568 manuum
510 557 520 574 ‚
541 529 649 579 quarn
668 525 802 578 pedum
817 555 827 575 ‚
847 531 922 565 tam
951 527 1040 575 oris,
1072 528 1181 579 quam
1194 528 1360 566 omnium

106 591 255 631 aliorum
275 590 450 642 primitias
469 585 563 628 Deo
586 587 795 628 reddamus.

160 648 216 701 Ϋ.
234 667 275 692 2:
299 652 345 690 Et
362 651 474 690 nolite
490 648 730 699 consor-mori.
749 647 816 689 Gr.
837 663 886 688 ne
907 648 1196 700 configuremini.
1215 646 1302 702 Syr.
1323 652 1362 690 et

104 729 153 755 ne
174 713 419 754 assimilamini
433 712 518 752 huic
533 712 666 752 saeculo
681 728 689 757 3
707 713 772 751 sed
785 711 1056 762 reformamini.
1070 708 1138 750 Gr.
1158 711 1226 750 sed
1244 712 1361 751 trans-

105 778 316 819 formemini
338 780 373 816 in
388 778 642 817 ‘renovatione
663 778 797 816 mentis
817 779 972 823 vestrae,
1005 774 1043 814 id
1069 781 1151 825 est,
1174 787 1220 815 ex
1241 775 1360 815 veteri

106 847 145 884 in
161 858 298 885 novam
318 845 467 883 transite
486 842 640 882 sormam
654 871 664 890 ,
686 855 750 882 seu
766 848 803 881 et
830 849 893 881 ne*
906 842 1017 881 vitam
1039 840 1175 880 ducatis
1202 841 1359 881 similem

105 907 320 948 horninibus
340 906 562 945 sectantibus
582 906 655 944 hor.
670 904 840 944 saeoutum
853 933 865 954 ‚
885 905 942 943 cui
959 917 1022 957 per
1041 899 1268 956 Baptismum
1290 917 1362 944 re-

104 970 309 1007 nuntiastis.
329 964 427 1005 Vide
446 965 654 1019 paraphras.

162 1026 283 1068 Divus
313 1024 618 1079 Chrysostornns‚
647 1031 686 1063 et
701 1030 787 1075 post
821 1037 904 1063 eum
922 1021 1181 1062 Theodoretus
1194 1051 1206 1071 ‚
1227 1029 1362 1064 notant

105 1089 206 1142 quod
230 1086 280 1128 D.
299 1085 434 1127 Paulus
465 1100 524 1126 res
542 1086 648 1137 hujus
668 1085 809 1134 saeculi,
829 1085 967 1125 scilicet
997 1098 1086 1137 opes
1103 1115 1113 1132 ,
1127 1079 1328 1138 potentiam
1344 1113 1358 1134 ‚

104 1151 290 1192 honorem
307 1157 418 1190 vocat
440 1150 572 1202 figuras
587 1151 687 1201 ;quia
701 1154 785 1187 sunt
808 1161 934 1201 pamm
956 1146 1150 1187 durabiles.
1170 1145 1361 1186 ,Praeterit

105 1214 204 1252 em‘m
213 1213 348 1265 figura
366 1212 479 1264 hujus
498 1211 654 1257 mundi,⁶
671 1223 754 1262 quae
774 1215 857 1250 sunt
873 1214 993 1249 autem
1016 1207 1174 1260 spiritus,
1193 1221 1258 1248 seu
1275 1211 1363 1249 vir-

105 1281 245 1325 tutem,
263 1271 567 1322 vocabsormam}
590 1275 672 1327 quia
687 1279 772 1314 sunt
794 1286 853 1313 res
871 1286 986 1323 verae,
1009 1273 1134 1313 solidae
1153 1278 1191 1312 et
1208 1286 1361 1325 perma-

105 1344 252 1378 nentes.

161 1396 225 1439 Ad
240 1398 314 1438 duo
340 1404 416 1438 tota
443 1411 509 1438 rev
511 1404 640 1438 ocatur
654 1396 834 1437 moralitas
863 1393 1091 1437 Christiana·
1122 1398 1302 1450 primum,
1322 1402 1363 1436 ut

105 1463 227 1503 anima
246 1475 285 1502 se
300 1461 456 1502 retrahat
469 1465 489 1501 a
506 1463 648 1504 noxiis·
675 1460 900 1508 secundum,
923 1466 962 1500 ut
981 1473 1021 1498 se
1035 1465 1221 1500 convertat
1243 1459 1289 1498 ad
1300 1472 1360 1508 ea,

107 1526 238 1578 quibus
255 1524 439 1576 perficitur
452 1555 463 1575 ‚
478 1538 542 1565 seu
566 1532 610 1564 ut
635 1523 775 1564 mundo
803 1537 870 1575 per
884 1522 1119 1574 cupiditatem
1141 1535 1217 1561 non
1237 1521 1363 1562 confi--

107 1594 272 1639 guretur,
292 1587 356 1626 sed
371 1594 408 1626 ut
428 1584 575 1627 Christo
592 1601 655 1640 per
673 1586 884 1626 charitatem
906 1582 1166 1624 conformetur.

169 1649 220 1688 Ut
238 1649 400 1701 probetis
432 1663 517 1702 quae
535 1651 583 1688 sie
612 1650 786 1690 voluntas
814 1647 896 1688 Dei.
913 1675 922 1686 .
936 1677 945 1687 .
960 1675 970 1686 .
989 1647 1071 1699 quia
1101 1644 1173 1687 Dei
1195 1645 1363 1685 voluntas

106 1718 167 1753 est
191 1715 312 1753 omnis
337 1715 538 1753 sanctitatis
570 1713 714 1765 regula,
736 1724 929 1761 mensura,
947 1710 1028 1750 sons
1044 1716 1081 1749 ct
1114 1713 1243 1762 origo;
1276 1708 1362 1749 hinc

106 1772 309 1827 Apostolus
327 1775 402 1815 vult
419 1783 459 1815 ut
478 1778 514 1815 in
531 1776 704 1815 omnibus
728 1774 823 1814 illam
851 1786 1072 1825 cognoscere
1097 1778 1133 1812 et
1161 1770 1364 1824 adimplere

107 1836 332 1879 studeamus.

163 1897 259 1941 Haec
285 1906 406 1941 autem
435 1902 596 1952 cognitio
618 1899 752 1940 sindus
785 1906 841 1939 est
873 1900 1123 1940 renovationis
1151 1900 1361 1939 interioris*
1350 1928 1361 1938 .

109 1965 183 2017 qno
203 1962 281 2016 plus
296 1964 395 2003 enim
413 1960 782 2014 reformamurspiritu
797 1963 946 2009 mentis,
961 1964 1008 2000 eo
1018 1962 1132 2014 magis
1148 1961 1362 2002 illustramur*

107 2025 129 2064 a
147 2021 232 2064 Deo
245 2051 258 2071 ‚
277 2029 476 2075 menteque
494 2022 639 2075 purgatss
663 2023 860 2075 probamus
873 2028 907 2063 et
923 2023 1083 2074 sapimus
1099 2021 1184 2074 quid
1200 2022 1356 2070 bonum,

108 2085 196 2140 quid
210 2085 354 2133 melius,
372 2085 459 2138 quid
473 2089 664 2138 optimum.

162 2145 319 2201 Triplex
341 2149 462 2200 itaque
484 2149 606 2199 gratim
626 2147 756 2199 gradus
777 2147 888 2188 iuliis
918 2146 1041 2187 verbis
1069 2146 1270 2187 indicatur:
1293 2160 1359 2201 pro

107 2210 378 2262 incipientibus,
391 2208 684 2260 proficientibus,
706 2215 740 2249 ct
763 2208 946 2262 perfectis.

163 2265 389 2323 Incipientes
409 2270 542 2310 faciunt
566 2270 664 2323 quod
686 2271 826 2311 bonum
844 2277 925 2321 est,
950 2268 1122 2323 quodque
1149 2267 1255 2310 Deus
1283 2268 1361 2310 vult

108 2333 130 2372 ὲ
148 2332 254 2372 nobis
273 2330 351 2373 fieri
362 2359 376 2379 ‚
401 2338 579 2385 praecepta
597 2330 748 2373 scilicet.
