1410 2554
31 23 34 25 ’
373 12 558 49 *rainu
585 6 819 46 nxi’osmo.
841 0 1025 54 cap.·³11.
1275 0 1329 40 52

0 0 26 213 ν
70 81 221 127 nornine
238 74 459 131 gloriantur,
480 80 516 115 et
539 74 600 128 qui
619 75 755 134 revera,
765 65 967 113 Christiani
985 81 1062 108 non
1074 68 1181 109 sunt!
1200 67 1326 110 chari-

1 164 5 182 ὲ
56 154 183 192 ,tatem
205 158 282 186 non
299 141 455 190 habent,
475 138 731 192 cupiditatibus
749 134 924 189 flagrant!

125 203 164 246 Si
182 203 359 258 professio
374 203 534 242 exterior
545 214 620 240 non
632 198 834 239 sufficiebat
848 195 896 236 ad
912 192 940 236 J
941 195 1147 238 udaismum
1161 226 1171 247 ,
1188 199 1324 250 quanto

2 271 4 274 '
71 267 193 308 minus
215 263 262 306 ad
279 260 601 304 Christianismum
621 260 629 300 l
697 299 707 309 ,
935 309 937 316 Α

126 328 264 372 Parum
273 331 359 381 ergo
377 325 526 380 prodest
544 322 772 371 Christiano,
787 335 855 375 per
866 322 1036 372 baptismi
1057 319 1323 371 characterem,

71 396 94 436 ὲ
103 394 244 434 caeieris
254 387 436 430 Gentibus
447 386 619 437 distingui
633 413 642 433 ‚
659 390 693 424 et
708 384 754 423 ab
763 384 815 422 eis
826 396 892 434 per
900 377 1142 423 Sacramenta
1153 388 1189 422 et
1201 379 1330 423 Chris·

71 458 228 500 tianismi
245 453 424 495 exteriora
433 451 591 503 separari
604 478 614 498 ,
630 451 660 489 si
674 448 839 488 moribus
854 454 891 488 et
901 446 975 488 vita
991 460 1075 487 cum
1088 446 1155 488 illis
1164 449 1330 497 uniatur-3

72 525 104 564 si
122 520 340 563 Christianae
349 517 438 570 legis
459 547 470 562 .
486 518 584 567 cujus
601 516 719 554 anima
739 513 913 562 charitas,
934 515 980 553 sit
995 515 1273 566 praevaricator,
1291 521 1333 556 et

26 619 37 646 7
69 586 208 630 Christi
239 599 315 626 non
340 588 463 624 servet
491 580 714 622 mandatum.
731 577 770 620 Si
785 576 945 620 Gentilis
966 609 977 628 ‚
995 579 1113 632 legem
1131 580 1330 622 naturalem

70 666 246 710 servans,
264 649 437 692 Judaeum
466 647 555 700 legis
571 647 747 700 scriptum
766 644 968 685 habentem
985 675 996 694 ,
1015 646 1082 686 sed
1102 660 1178 686 non
1199 647 1330 688 obser·

27 767 29 770 ι
70 726 244 766 vantem,
276 715 489 762 damnabit;
521 717 656 766 quanto
675 714 791 763 magis
815 708 971 752 Gentilis
999 711 1057 751 ille
1081 709 1329 756 Christianum

76 781 287 828 damnabit,
314 778 375 829 qni
403 770 545 816 Christi
564 773 776 814 mandatum
796 779 831 812 et
857 771 1026 824 exempla
1044 786 1120 812 non
1141 773 1299 821 custodit
1318 777 1327 816 l

29 888 34 897 η
123 838 253 894 Itaque
266 850 354 877 cave
368 832 597 887 Judaismum
612 835 651 874 in
667 829 963 894 christianismo:
977 844 1025 872 ne
1035 831 1199 884 glorieris
1213 837 1251 875 in
1264 848 1329 875 so·

71 900 107 942 lo
124 901 275 941 nomine
289 894 503 943 Christiani3
523 909 570 936 ne
580 897 784 948 requiescas
798 895 834 933 in
851 891 1075 946 Evangelio;
1091 910 1139 935 ne
1156 896 1327 938 fiduciam

29 981 42 1013 χ
73 975 172 1009 tuam
190 975 346 1018 reponas
367 962 403 1000 in
419 953 494 1002 sola
510 957 736 1012 professione
767 960 966 1008 exteriori,
985 961 1060 1000 imo
1078 974 1148 1001 nec
1164 963 1200 1001 in
1217 968 1327 1004 exte-

27 1070 32 1087 ἴ
70 1032 156 1073 riori
172 1027 487 1070 sacramentorum
506 1023 840 1078 perceptionezsed
851 1022 1011 1066 charitati
1029 1025 1137 1067 stude
1152 1040 1325 1082 semper;

22 1116 26 1140 ς
69 1094 120 1134 sis
134 1094 174 1133 in
193 1090 303 1132 corde
319 1097 354 1131 et
373 1104 420 1130 ex
440 1087 551 1128 corde
563 1083 790 1126 Christianus
806 1102 815 1132 ς
836 1099 917 1126 ama
932 1082 1074 1136 Deum,
1089 1093 1124 1127 et
1141 1100 1189 1128 ex
1202 1102 1327 1130 amore

29 1163 31 1166 “
70 1166 177 1194 serva
193 1150 264 1192 Dei
282 1155 462 1207 praecepta
477 1178 490 1198 ,
510 1159 713 1199 omnesque
731 1147 809 1196 ejus
823 1144 981 1198 adimple
999 1146 1219 1189 voluntates.

124 1211 241 1262 Deus,
259 1218 397 1266 utpote
414 1223 520 1250 mens
537 1215 675 1250 aeterna
685 1215 722 1248 et
739 1209 894 1262 optima,
912 1215 1077 1249 mentem
1094 1211 1325 1261 potissimum

12 1302 30 1337 .'
69 1284 234 1333 spectat,
252 1291 316 1317 cor
333 1278 513 1324 intuetur,
530 1274 576 1313 de
592 1273 702 1314 corde
718 1273 878 1325 judicat:
896 1281 1022 1314 mente
1040 1276 1146 1326 igitur
1162 1282 1197 1316 et
1213 1277 1328 1319 corde

71 1345 301 1398 potissimum
318 1340 557 1384 serviendus;
593 1346 716 1380 mente
738 1336 855 1393 pura,
878 1340 990 1381 corde
1006 1339 1148 1380 mundo
1165 1370 1176 1391 ,
1203 1356 1268 1382 seu
1286 1345 1327 1385 in

30 1438 47 1447 s
69 1407 196 1460 spiritu
213 1411 250 1446 et
267 1406 419 1445 veritate
432 1400 652 1442 adorandus.

123 1469 309 1512 Tamo.
324 1467 386 1510 Ex
408 1466 462 1519 Υ.
479 1482 543 1521 29.
562 1467 660 1507 disce
677 1472 712 1506 et
730 1463 920 1507 recordare
937 1480 1087 1521 semper
1099 1499 1112 1519 ,
1133 1468 1232 1523 quod
1246 1474 1326 1513 veri

11 1534 22 1542 “
68 1527 266 1572 Christiani
283 1529 357 1570 laus
370 1558 380 1578 ‚
397 1542 474 1568 non
489 1542 537 1568 ex
548 1527 782 1576 hominibus,
801 1527 870 1568 sed
884 1542 932 1568 ex
947 1526 1032 1569 Deo
1045 1559 1058 1580 ‚
1078 1534 1140 1584 qui
1159 1540 1324 1575 mentem

15 1628 42 1648 Ἀ
67 1602 105 1636 et
127 1595 383 1635 corfintuetur.

97 1652 200 1707 Ergo
211 1654 256 1695 ad
274 1653 464 1694 hominum
479 1651 609 1702 judicia
621 1650 837 1705 plerumque
848 1651 933 1694 salsa
943 1668 1016 1694 non
1027 1654 1314 1707 attendendum

64 1715 132 1756 sed
146 1714 193 1754 ad
205 1711 300 1762 Dei,
318 1727 384 1753 cor
395 1714 637 1765 penetrantis,
657 1713 832 1763 judicium
845 1730 855 1760 3
871 1717 1315 1767 aestiment,contemnant

43 1803 45 1805 ·
64 1773 236 1816 homines
249 1789 258 1812 ι
272 1774 360 1828 quid
376 1774 423 1813 ad
442 1786 501 1812 me
512 1774 529 1814 Ξ)
540 1787 610 1813 nec
621 1775 795 1813 virtutem
808 1773 906 1815 dabit
923 1789 1052 1815 eorum
1064 1780 1285 1822 existimatio

17 1887 21 1891 ⁴
64 1847 136 1876 nec
156 1833 292 1875 auferet
303 1840 555 1890 contemptus:
570 1846 651 1874 sum
665 1832 703 1873 id
714 1833 816 1886 quod
832 1848 914 1875 sum
925 1849 1049 1877 coram
1067 1834 1171 1887 Deo;
1185 1812 1316 1885 caetera

15 1894 21 1946 J
63 1894 170 1937 nihil.

15 1966 19 1976 ¹
119 1958 283 2002 Domine
295 1990 304 2010 ‚
315 1958 420 2003 Deus
431 1963 605 2003 virtutum
619 1991 631 2012 ,
644 1969 821 2004 convente
833 1978 893 2004 me
906 1978 916 2012 ;
930 1963 976 2005 da
988 1963 1150 2008 mihicor
1157 1975 1317 2022 rectum,

63 2033 264 2061 cor-amore
285 2023 337 2062 tui
352 2021 502 2063 fervens
518 2052 528 2071 ‚
550 2030 665 2064 corte
687 2027 776 2065 vere
793 2032 829 2065 et
840 2027 981 2067 sincere
1000 2026 1179 2081 diligens:
1199 2036 1286 2073 tuuc
1301 2062 1314 2083 ,

59 2084 237 2193 qtadqmd
253 2090 299 2128 stt
325 2087 371 2129 de
395 2087 587 2131 hominum
606 2089 773 2142 judiciis,
797 2092 956 2134 ostende
974 2092 1109 2135 faciem
1125 2100 1254 2149 tuam,
1276 2105 1326 2141 et·
1382 2099 1384 2101 ’

56 2157 96 2187 sa
135 2160 176 2188 us
196 2161 276 2191 ero.
