1410 2554
289 0 467 31 Tamtx
495 0 732 31 mosmo.
765 0 861 42 bap.
889 0 992 29 Al?
1001 19 1014 30 .
1177 0 1260 43 ω9

0 59 166 105 destruas
194 57 390 101 aedificium
423 57 498 101 Dei
513 89 526 111 ‚
546 57 696 102 fratrem
722 58 863 101 scilicet
880 59 1066 101 infirmum
1081 87 1094 111 ,
1121 58 1161 100 in
1183 72 1258 111 quo

0 121 164 165 christus
178 137 244 176 per
261 122 376 163 fidem
392 121 543 164 habitat.

44 184 131 228 scio
146 215 158 237 ‚
180 193 217 228 et
244 186 331 228 illud
352 189 426 239 jam
441 180 547 238 dixi,
568 186 705 228 nullum
724 188 847 229 cibum
864 199 914 228 ex
939 201 982 228 se
1014 186 1247 229 immundum

0 263 78 292 esse
95 263 106 298 ;
129 251 204 291 imo
225 249 353 291 mundi
369 256 453 290 sunt
478 263 611 292 omnes
627 280 640 303 ,
665 257 743 292 tum
763 248 891 292 natura
906 248 972 291 sua
986 278 997 300 ,
1018 256 1097 291 tum
1118 246 1255 292 christi

0 309 149 356 Domini
167 316 363 369 permissu.

49 375 301 419 Nihilominus
321 378 520 432 peccatine
533 407 548 428 ‚
563 380 624 431 qui
645 380 729 420 cibo
744 392 793 419 ex
811 392 853 420 se
866 377 963 420 licito
978 379 1088 419 utitur
1102 390 1185 419 cum
1196 380 1253 419 sui

0 438 119 481 fratris
131 440 328 488 scandalo;
346 447 433 481 tunc
449 443 550 482 enim
563 455 603 482 re
620 441 719 482 bona
737 442 830 482 male
845 443 972 484 utitur.

47 497 299 541 Praestabilius
327 508 382 542 est
399 504 554 543 omnino
573 504 593 543 a
611 504 780 544 carnibus
796 504 980 544 abstinere
991 530 1004 554 ‚
1020 508 1057 543 et
1070 515 1256 556 nunquam

0 565 122 607 vinum
140 566 271 607 bibere
287 595 302 618 ‚
319 569 428 620 quam
446 569 500 607 sic
521 574 581 608 aut
612 568 698 611 cibo
722 570 900 621 quopiam
914 598 924 618 ‚
942 573 1002 610 aut
1024 574 1112 620 potu
1126 598 1140 619 ‚
1159 567 1257 609 fratri

0 635 60 670 tuo
75 628 200 680 lapsus
217 632 448 671 occasionem
468 631 577 679 dare;
597 633 677 672 sive
695 638 731 673 te
748 639 874 673 contra
889 633 1152 673 conscientiam
1165 633 1255 672 imi-

0 698 112 742 tetur,
135 695 214 734 sive
228 699 267 733 te
286 697 424 734 temere
444 693 602 744 judicet3
630 701 666 736 et
694 708 760 748 per
779 701 814 736 te
827 694 1087 736 scandalizatus
1103 724 1117 746 ‚
1139 694 1252 736 infir-

0 756 89 796 mior
109 754 171 796 fiat
189 757 228 796 in
250 756 338 797 fide.

49 812 110 856 Tu
125 817 164 857 in
179 817 253 858 fide
267 819 475 858 instructior
493 818 611 861 credis
623 849 636 869 ‚
655 826 692 860 et
710 820 807 860 bene
821 848 833 869 ‚
858 818 959 872 quOd
973 819 1089 862 nuilus
1100 820 1253 872 amplius

0 877 98 918 cibus
116 881 164 920 sit
197 880 407 921 immundus
428 895 438 926 ς
471 880 566 920 hanc
588 881 700 922 iidem
721 883 758 921 in
786 884 908 922 anima
923 910 934 929 ‚
965 888 1002 922 et
1023 895 1145 922 coram
1167 878 1253 923 Deo

0 952 102 980 serva
118 954 127 979 :
143 947 179 981 at
198 955 247 982 ne
262 940 306 981 ea
324 941 411 982 soris
426 956 510 983 cum
524 945 578 983 tui
592 941 709 983 fratris
729 942 951 984 offendiculo
966 945 1076 984 utaris
1096 959 1105 983 ε

49 1000 185 1044 Beatus
203 1010 325 1044 autem
342 1007 464 1046 omnis
484 1007 543 1058 qui
562 1008 801 1058 semetipsum
815 1019 891 1046 non
906 1006 1127 1047 condemnat
1147 1009 1251 1048 inte-

0 1065 68 1105 rius
84 1066 123 1105 in
137 1078 182 1104 eo
198 1065 297 1118 quod
310 1067 438 1118 probat
455 1070 631 1113 exieritisz
648 1081 714 1107 seu
734 1071 795 1121 qui
810 1067 900 1108 nihi!
913 1076 1039 1110 contra
1056 1072 1251 1112 conscien-

0 1130 80 1168 tiam
97 1134 267 1180 operatur
282 1158 293 1180 ‚
311 1130 406 1170 malo
429 1130 602 1183 impulsus
625 1131 798 1184 exemplo
813 1161 823 1181 ‚
845 1138 904 1172 aut
926 1134 1059 1185 quovis
1075 1132 1145 1174 alio
1160 1147 1251 1175 mo-.-
1282 1171 1287 1177 .

0 1190 84 1232 tivo.

49 1250 126 1303 Qui
152 1256 242 1294 vero
267 1253 413 1295 fluctuat
430 1261 466 1296 et
487 1254 629 1298 haesitat
649 1258 862 1309 ambiguus,
886 1271 934 1298 an
963 1258 1022 1298 tali
1041 1259 1126 1299 cibo
1145 1258 1250 1301 liceat

0 1315 66 1363 uti3
79 1317 110 1355 si
125 1317 183 1356 sic
198 1316 366 1357 dubitans
383 1316 543 1359 c‘omedit
559 1344 571 1366 ‚
594 1319 651 1359 ine
664 1333 746 1360 reus
760 1326 816 1359 est
835 1322 974 1373 peccati
986 1350 998 1370 ‚
1015 1328 1143 1374 utpote
1158 1336 1245 1374 pro·

0 1374 71 1428 pria
89 1375 153 1416 sua
177 1376 400 1418 conscientia
414 1378 590 1428 judicatus
608 1394 618 1425 ;
638 1379 795 1420 dictabat
812 1383 913 1421 enim
935 1382 1006 1421 sibi
1018 1394 1095 1421 non
1112 1381 1241 1430 licere.

0 1438 94 1492 quod
108 1438 193 1480 fecit
207 1446 350 1488 tamem
371 1441 549 1494 quidquid
563 1449 682 1484 autem
701 1450 756 1484 est
775 1450 901 1484 contra
920 1446 1154 1486 conscientiae
1166 1445 1244 1487 dic-

0 1505 116 1541 tamen
131 1530 143 1553 ,
160 1508 348 1555 peccatum
365 1508 434 1544 est.
