1410 2554
130 57 212 100 166
431 67 437 71 ·
484 71 693 102 nprsrorAE
718 71 781 102 n»
806 72 1020 105 nummos

128 131 203 170 trix
229 128 287 179 fit,
316 129 464 183 quando
484 130 532 171 ad
547 133 678 189 ⁶majus
711 138 900 184 peccatum
917 135 1074 183 excitat,
1105 140 1148 174 ut
1165 134 1254 189 fiat
1270 150 1389 190 supra

131 193 284 232 modum
299 223 312 243 ‚
337 195 527 246 insigniter
558 202 594 235 et
623 196 815 236 excessive
834 205 1012 248 peccator
1036 197 1255 250 ἁμπρτωλὸς
1281 214 1398 254 reus,¹

79 269 89 281 ·
125 263 340 309 peccatum
359 258 523 308 ἁμαρτίαι
539 265 736 309 peccatum
748 286 762 306 ,
778 258 889 310 idque
903 273 971 309 per·
991 260 1126 311 ¹ipsum
1141 263 1388 304 mandatum.

184 315 293 359 Heu!
318 327 451 371 quanta
482 320 603 360 cordis
625 322 741 360 nostri
767 322 986 372 perversitas
1017 328 1054 362 et
1083 325 1286 376 corruptio!
1306 339 1388 378 quae

96 380 101 381 ⁷
127 379 218 433 legis
236 389 272 422 et
289 383 493 424 intellectus
510 384 634 424 lumeh
662 385 860 436 corrumpit
890 391 926 424 et
946 385 1080 431 infi‹:it;
1107 393 1143 426 et
1161 385 1230 426 hae
1246 386 1336 440 legis
1349 395 1390 429 et

126 445 331 487 intellectus
349 449 602 500 corruptione,
622 449 698 500 ipsa
719 448 761 488 fit
780 446 946 488 infectior
958 478 970 499 ‚
983 449 1210 499 sceleratior,
1230 456 1267 490 et
1279 452 1390 492 inex-

130 510 336 552 cusabilior.
1132 543 1135 546 v

181 570 294 613 Adeo
308 577 466 628 corrupti
481 587 684 627 quaeramus
704 574 887 614 medicum
902 592 911 622 ;
926 574 1104 626 humiles,
1128 576 1384 628 tremebundi,

125 643 339 688 gementes,
360 634 498 678 Christi
515 639 666 689 gratiam
687 636 925 690 imploremus
939 666 950 687 ,
978 651 1059 690 quae
1076 637 1152 677 sota
1170 638 1290 678 cordis
1307 652 1390 678 cor-

125 700 335 750 ruptionem
348 705 463 738 sanat.

183 758 238 809 Ϋ.
265 761 327 809 14..
347 761 496 800 Scimus
507 762 607 800 enim
625 761 711 812 quia
725 761 788 799 Iex
803 762 1012 812 spiritualis
1030 769 1125 803 est...
1143 758 1236 816 Syr.
1252 764 1389 803 scimus

127 824 228 864 enim
258 823 376 876 legem
393 823 540 877 spiritus
557 835 639 863 esse
658 835 752 874 :ego
776 826 866 863 vero
885 826 1002 863 carnis
1024 837 1127 875 sum,
1146 832 1182 865 et
1215 826 1388 866 venditus

126 898 207 926 sum
226 894 392 938 peccato.

181 944 322 988 Probat
340 947 458 1000 legem
474 954 637 988 sanctam
654 960 735 987 esse
746 976 756 993 ,
772 954 810 987 et
827 962 903 988 non
925 961 1069 987 causam
1083 950 1237 995 mortim
1263 949 1390 990 simul·

127 1021 199 1062 que
218 1013 396 1051 rationem
415 1010 558 1059 reddit,
593 1009 643 1048 ob
663 1022 771 1061 quam
804 1024 853 1050 ex
880 1009 959 1061 lege
992 1012 1158 1061 sequitur,
1172 1013 1192 1048 a
1211 1010 1293 1062 lege
1309 1024 1389 1052 non

124 1072 329 1118 intentum,
353 1072 492 1112 scilicet
521 1076 711 1125 peccatum
741 1078 776 1111 et
797 1085 919 1110 mors:
937 1070 1003 1110 alia
1029 1074 1164 1124 quippe
1186 1077 1241 1110 est
1262 1077 1388 1111 natura

123 1131 237 1184 legis,
257 1133 325 1173 alia
345 1133 530 1184 hominis,
553 1135 664 1174 etiam
683 1135 765 1183 justi
778 1164 789 1183 ,
810 1139 848 1172 et
864 1133 932 1172 sub
959 1135 1071 1183 gratia
1089 1135 1287 1174 constituti.
1303 1131 1388 1173 Lex

124 1198 226 1236 enim
252 1196 444 1249 spiritualis
460 1203 537 1244 est;
555 1197 751 1248 spiritualia
779 1197 1015 1248 praecipiens,
1037 1201 1073 1235 et
1097 1209 1178 1250 quae
1196 1195 1390 1249 spiritualis

123 1264 206 1297 sunt
220 1257 403 1304 hominis;
425 1260 598 1298 virtutem
618 1257 813 1310 amplecti,
838 1259 925 1296 vitia
945 1256 1081 1309 fugere.

178 1320 259 1371 Ego
272 1327 398 1359 autem
418 1321 584 1359 carnalis
602 1335 699 1360 sum.
716 1318 898 1372 Loquitur
915 1318 975 1358 hic
991 1321 1029 1359 in
1049 1322 1192 1373 propria
1211 1333 1385 1372 persona,

123 1388 161 1423 et
180 1385 218 1422 in
236 1388 327 1422 statu
346 1397 412 1423 suo
431 1385 617 1436 praesenti,
635 1390 673 1423 ut
692 1380 883 1422 Cornelius
901 1386 920 1422 a
935 1379 1075 1436 Lapide
1093 1384 1222 1436 colligit
1237 1397 1284 1423 ex
1298 1397 1388 1423 om-

121 1448 237 1487 nibus
254 1445 424 1498 Apostoli
457 1447 601 1495 verbis,
636 1460 719 1500 quae
746 1454 830 1487 sunt
849 1447 896 1486 dc
926 1449 1118 1499 praesenti,
1147 1454 1182 1487 et
1202 1454 1240 1486 ut
1259 1443 1385 1487 Estius

119 1508 202 1549 fuse
221 1510 365 1562 probat.

179 1574 260 1624 Ego
284 1582 409 1613 aulem
427 1576 596 1614 carnalis
622 1588 717 1614 sum.
736 1572 780 1614 Id
805 1581 881 1622 est,
906 1575 997 1613 vitio
1020 1580 1159 1613 natura}
1180 1578 1384 1625 corruptae,

122 1650 258 1690 sequor
276 1649 356 1676 non
372 1650 455 1690 quae
471 1637 627 1688 spiritui,
645 1636 712 1676 sed
732 1649 816 1688 quae
833 1637 930 1675 carni
952 1634 1092 1685 placent
1107 1650 1116 1673 :
1136 1633 1386 1673 venumdant,

121 1704 190 1742 sub
202 1710 368 1753 peccalo.
389 1699 456 1742 Gr.
475 1703 544 1742 sub
559 1708 760 1755 peccatum.
779 1698 860 1754 Syr.
876 1706 911 1739 et
932 1698 1102 1739 venditus
1116 1711 1196 1737 sum
1213 1704 1385 1750 peccato:

123 1769 162 1808 id
184 1775 263 1816 est,
283 1768 456 1808 venditus
475 1770 510 1807 in
529 1770 742 1809 servitutem
759 1766 826 1806 sub
846 1768 930 1817 jugo
954 1766 1093 1816 peccati
1107 1793 1116 1811 ,
1136 1765 1236 1816 quasi
1257 1763 1381 1803 domi-

122 1832 175 1871 ni.
195 1827 283 1871 lloc
304 1829 487 1881 intellige,
511 1844 642 1878 carne,
665 1829 724 1868 vel
747 1828 954 1868 secundnm
973 1840 1123 1867 carnem
1146 1839 1274 1866 servus
1285 1838 1384 1874 sum,

123 1907 188 1934 seu
211 1901 247 1934 ut
266 1894 419 1947 explicat
438 1887 484 1935 fi.
503 1893 566 1934 25.
586 1894 699 1933 sewe'o
719 1894 792 1941 legi
807 1892 968 1944 pcccati.

181 1953 354 2008 Hincqne
382 1955 419 1995 tit
444 1955 541 2009 quod
561 1955 619 1997 lex
641 1958 677 1995 in
705 1968 762 1994 me
786 1968 859 1994 non
880 1953 992 1993 habet
1026 1953 1140 1993 finem
1170 1965 1298 1999 suurm
1318 1950 1388 1992 sed

124 2033 195 2071 ego
209 2049 220 2066 ,
238 2034 312 2060 non
331 2021 427 2072 ipsa,
447 2034 527 2060 sum
548 2033 652 2060 causa
673 2020 812 2071 peccati
834 2025 869 2058 et
889 2019 1030 2058 mortis.

178 2077 311 2136 Itaque
341 2081 386 2123 ad
414 2082 605 2123 clariorem
635 2094 808 2120 versuum
826 2081 1056 2131 sequentium
1085 2075 1384 2129 intelligentiam,

124 2144 281 2184 observa
299 2146 397 2196 quod
419 2142 642 2199 Apostolus,
667 2143 761 2182 tacto
787 2144 932 2182 transitu
950 2144 970 2180 a
991 2141 1171 2192 praeterito
1190 2145 1281 2178 statu
1299 2138 1390 2191 legis

123 2213 161 2247 et
187 2211 349 2260 peccati,
366 2209 411 2249 ad
436 2216 569 2249 statum
593 2209 741 2259 gratim,
767 2206 833 2246 sed
851 2205 970 2245 adhuc
988 2218 1070 2243 cuni
1089 2202 1390 2255 concupiscentia

123 2269 310 2319 luctantis,
337 2277 491 2324 exponit
509 2274 543 2310 in
567 2270 631 2310 sua
656 2269 813 2321 persona
827 2297 838 2317 ,
857 2268 1054 2321 quaejustis
1067 2296 1076 2314 ,
1095 2269 1204 2307 ctiam
1219 2266 1287 2305 sub
1305 2278 1390 2316 gra-

124 2331 174 2371 tia
190 2335 413 2384 constitutis,
451 2334 667 2383 contingunt
686 2347 694 2371 :
715 2331 826 2383 idque
844 2336 922 2370 tuin
939 2335 977 2370 ut
996 2342 1063 2368 nos
1091 2330 1265 2375 instruat,
1286 2332 1322 2368 ct
1342 2324 1392 2367 ad
