1410 2554
159 57 241 100 300
514 67 724 99 tms'rom:
753 68 811 96 Ao
838 43 1035 96 noumos

213 123 269 176 Y.
293 142 357 167 12.
382 126 500 180 Quod
517 126 752 167 s1'.dilectum
773 122 840 165 Gr.
857 126 984 174 ruina,
1004 138 1070 165 seu
1090 138 1149 164 cas
1150 137 1204 165 us.
1228 120 1311 177 Syr.
1331 97 1410 178 lap-

157 205 248 231 sus:
260 191 359 245 quod
380 194 410 232 si
423 191 542 245 lapsus
560 190 773 231 Judaeorum
790 188 855 230 fuit
873 190 1016 231 occasio
1033 189 1240 230 divitiarum
1257 189 1410 229 mundi·
1401 219 1410 238 ,

157 267 224 294 eeu
251 255 358 294 cessit
373 268 419 312 ac
434 254 678 294 redundavit
669 267 706 292 m
723 251 923 312 spirituales
945 250 1072 291 mundi
1093 251 1258 297 divitias;
1279 250 1410 291 scilicet

157 318 197 356 in
213 317 364 357 salutern
383 319 533 369 copiose
550 318 748 370 praestitam
764 312 948 355 Gentibus
961 345 974 365 ‚
990 320 1067 354 toto
1086 314 1177 358 orbe
1194 313 1346 354 diffusis.

209 381 262 419 Et
273 381 471 419 diminutio
485 408 499 427 ,
523 381 675 431 rejectio
702 376 918 418 Judaeorum
935 391 1011 418 non
1030 375 1259 418 credentium
1274 408 1284 427 ‚
1306 381 1410 420 cessit

94 446 102 453 ¹
156 441 205 481 ad
221 441 491 482 multitudinem
509 438 686 482 Gentium
697 439 985 480 convertendam
1005 456 1015 480 ι
1033 442 1174 494 quanto
1193 443 1313 491 magis
1332 442 1410 494 ple-

156 503 289 542 nitudo
306 517 431 542 eorum
447 503 455 541 l
474 501 602 555 supple
618 531 629 551 2
649 507 754 541 erunt
779 501 915 541 divitiae
929 501 1057 541 mundi
1079 507 1116 540 et
1136 501 1276 541 divitiae
1298 497 1410 542 Gen-

157 566 269 616 tium,
282 566 321 606 id
339 573 396 607 est
417 581 426 604 :

214 623 363 676 Quanto
397 628 511 678 magis
546 627 737 666 universus
776 623 886 666 Israel
913 627 950 665 in
987 625 1061 665 fine
1095 623 1224 664 mundi
1259 623 1410 665 credens

157 684 328 739 Christo,
350 687 479 728 ditabit
502 686 643 728 Gentes
671 695 707 728 et
725 688 772 727 ad
789 701 828 727 se
846 687 1061 727 imitandum
1079 685 1316 739 provocabit!

212 748 344 803 Itaque
374 752 414 790 in
447 750 522 790 fine
552 750 679 790 mundi
719 764 814 790 conv
819 757 979 790 errentur
1012 745 1135 790 Judaei
1162 747 1384 789 credentes
1374 762 1410 788 m

158 811 368 862 Christum,
385 828 524 867 suoque
544 814 716 868 exemplo
736 813 880 855 trahent
895 814 941 854 ad
959 811 1144 854 Christum
1161 818 1340 864 quotquot
1357 826 1410 860 su-¹

155 886 329 932 pererunt
346 893 392 919 ex
416 876 600 919 Gentibus
617 879 796 919 infideles.

215 937 357 982 Iterum
377 943 508 982 mirare
525 948 563 981 et
581 940 692 980 adora
714 939 765 981 D.
785 942 973 994 sapientiae
998 938 1280 993 profunditatem
1299 968 1310 989 ‚
1332 951 1410 992 quae

156 1005 329 1046 omnibus
369 1004 416 1044 ad
448 1017 535 1044 suos
588 1003 682 1043 fines
725 1006 857 1048 utitur;
889 1005 999 1043 etiam
1038 1016 1087 1042 ex
1118 1002 1186 1041 illis
1221 1014 1306 1055 quae
1334 1013 1410 1041 suae

153 1073 241 1107 eunt
255 1067 422 1119 opposita
435 1064 638 1113 voluntati,
660 1078 761 1104 suam
780 1064 920 1117 perficit
939 1064 1186 1109 voluntatem3
1211 1076 1259 1102 ex
1284 1062 1410 1104 multi-

155 1131 292 1172 tudinis
323 1128 543 1171 Judaeorum
569 1129 819 1171 incredulitate
845 1129 966 1170 elicuit
994 1128 1147 1169 salutern
1169 1126 1410 1168 multitudinis

155 1191 335 1234 Gentium
359 1207 424 1246 per
439 1192 580 1238 fidem,
571 1206 579 1215 ·
603 1194 728 1246 sicque
746 1194 905 1244 paucitas
937 1188 1151 1231 Judaeorum
1184 1189 1410 1230 credentium

153 1254 245 1296 sacta
265 1261 319 1295 est
333 1254 516 1307 opulentia
535 1255 662 1294 mundi
678 1268 743 1308 per
757 1254 870 1295 fidem
887 1251 1070 1297 Gentibus
1095 1255 1410 1294 communicatam.

211 1315 420 1357 Hominum
446 1318 568 1369 itaque
586 1315 690 1356 malis
712 1317 810 1356 bene
827 1314 932 1356 Deus
951 1317 1084 1362 utitur;
1104 1322 1141 1355 et
1159 1329 1206 1356 ex
1226 1313 1323 1355 malo
1339 1314 1410 1360 bo-,

153 1391 243 1418 num
260 1376 371 1416 elicit.

212 1436 302 1478 Hoc
315 1437 468 1478 edoctus
489 1434 562 1477 Dei
583 1436 835 1478 voluntatem
826 1450 864 1476 in
880 1438 1050 1478 omnibus
1070 1438 1235 1485 adora3
1225 1451 1262 1477 m
1286 1438 1410 1476 omni-

154 1499 248 1552 bus,
265 1505 303 1540 et
323 1511 372 1540 ex
395 1499 566 1538 omnibus
589 1498 739 1550 gloriam
759 1495 841 1540 Dei
857 1514 962 1554 spera
977 1530 989 1552 ,
1006 1507 1043 1541 et
1067 1505 1240 1553 exspecta
1261 1515 1271 1547 ;
1291 1512 1410 1551 quan-

155 1568 381 1614 tumcunque
394 1575 452 1601 res
468 1560 660 1601 videantur
675 1562 912 1612 labefactatae,
938 1577 986 1604 ex
1002 1563 1068 1604 illis
1085 1576 1187 1603 suam
1206 1559 1311 1603 Deus
1331 1560 1410 1614 glo-

153 1626 245 1666 riam
262 1625 381 1665 eliciet
397 1629 430 1663 et
441 1622 588 1676 aliquod
612 1625 751 1665 bonum
769 1640 778 1664 z
800 1631 838 1665 et
853 1627 902 1666 ob
915 1624 988 1665 hoc
1006 1626 1147 1665 bonum
1165 1622 1356 1664 consolare
1377 1628 1410 1664 et

157 1684 293 1730 Deum
307 1686 425 1727 lauda.

210 1748 266 1801 y.
286 1749 348 1790 13.
375 1748 490 1790 Vobis
506 1752 607 1791 enim
625 1752 709 1791 dico
730 1749 913 1790 Gentibus
926 1778 972 1799 ‚..
987 1748 1072 1804 Syr.
1089 1763 1158 1791 vos
1175 1755 1298 1791 aulem
1318 1748 1410 1797 allo·

156 1827 266 1870 quor.
285 1823 414 1866 gentes
429 1846 441 1867 ‚
460 1821 532 1856 etc.

210 1875 275 1920 Ad
293 1876 459 1920 Gentiles
473 1908 486 1929 ‚
504 1877 578 1918 hen
595 1879 714 1930 potius
729 1877 775 1917 ad
797 1874 1043 1922 Christianos,
1061 1889 1108 1916 ex
1124 1875 1295 1926 gentibus
1311 1888 1410 1916 con-

155 1956 311 1993 versos,
329 1955 541 1984 sermonem
566 1941 712 1994 dirigit;
744 1954 881 1993 eosque
906 1945 1034 1980 monet
1056 1935 1201 1979 Judaeis
1219 1936 1410 1980 incredulis

155 2007 314 2058 compati
335 2019 345 2052 ς
374 2003 455 2044 illos
486 2017 562 2045 non
595 2016 791 2055 spernere,
822 2005 897 2043 imo
931 2004 1091 2054 ipsorum
1127 2001 1410 2041 conversionem

155 2067 273 2110 verbo
289 2073 326 2108 et
342 2066 517 2119 exemplo
533 2072 720 2117 satagere,
710 2079 720 2089 ·
741 2064 788 2104 ad
805 2063 950 2117 hocque
966 2059 1132 2105 Gentiles
1149 2074 1216 2103 suo
1231 2067 1410 2115 provocat

153 2130 343 2184 exemplo.

211 2191 329 2233 vobis
352 2195 472 2248 itaque
490 2193 595 2241 dico,
620 2181 812 2241 Gentiles,
833 2188 931 2243 quod
954 2186 1114 2243 quandiu
1143 2193 1265 2229 vester
1291 2181 1410 2239 Apo·-

154 2255 266 2298 stolus
283 2267 374 2306 ero,
397 2254 634 2309 Apostolatils
651 2255 726 2295 mei
745 2253 985 2296 ministerium
1007 2251 1151 2301 verbis,
1168 2247 1350 2302 exemplis
1371 2254 1410 2289 et

156 2315 334 2359 miraculis
354 2314 620 2358 honorificabo.
