1410 2554
419 40 595 72 Tamtu
624 38 853 75 exposmo.
883 26 978 79 Cap.
1004 23 1056 68 V.
1271 23 1349 67 115

141 104 206 148 Ex
224 117 350 146 amore
366 99 440 144 Dei
451 99 548 142 'mihi
561 114 611 141 ex
624 100 767 141 duobus
786 95 997 140 manifesto.
1339 148 1341 150 q

85 169 100 211 ’.
146 175 200 211 1.⁰
215 167 278 210 Ex
295 182 342 210 eo
357 165 455 222 quod
466 166 573 206 nobis
583 162 758 218 Spiritum
774 160 948 203 Sanctum
962 176 1067 203 suum
1083 160 1206 209 <tedia
1228 165 1284 202 a!
1295 173 1346 202 ex

9 267 15 272 .
39 240 45 243 ‘
84 245 131 274 eo
149 231 248 285 quod
266 232 493 283 unigenitum
511 225 648 268 Filium
665 239 772 266 suum
789 239 854 280 pro
872 226 980 266 nobis
996 224 1118 265 adhuc
1137 225 1347 277 peccatori-

11 303 15 324 ”
84 294 155 335 bus
174 296 211 334 in
225 299 382 334 mortem
401 289 560 332 tradidit.

139 356 190 399 Et
209 357 287 397 haec
305 357 378 396 duo
395 360 477 394 sunt
498 354 577 405 spei
594 348 811 391 Christianae
830 349 1087 395 fundamenta3
1113 354 1148 388 et
1171 348 1262 388 illius
1282 348 1346 388 fir-

6 449 11 458 .
83 419 260 460 missimae
274 413 499 458 certitudinis
514 419 727 465 argumenta
739 441 750 462 ,
771 413 901 464 quibus
914 409 976 450 hic
994 412 1101 449 utitur
1121 406 1342 462 Apostolus,

84 480 133 520 ad
153 479 371 521 firmandam
395 491 500 530 spem
537 483 722 516 nostram:
746 478 864 528 primo
899 474 1049 528 quidem
1071 479 1284 525 argumento
1304 475 1346 514 in

4 538 9 551 ⁴
80 541 154 583 hoc
168 537 215 585 57.
229 541 266 583 5.
286 541 450 582 secundo
466 545 587 580 autem
603 541 623 578 ὲ
637 553 675 578 v.
690 537 730 579 6.
749 551 864 590 nsque
881 537 928 576 asl
948 553 963 576 1
977 553 1009 577 1.

136 608 227 660 Spes
239 623 313 648 non
327 604 536 656 confundit.
557 598 718 659 Quare?
737 602 824 656 quia
843 601 935 651 Dei,
954 603 991 641 in
1005 615 1114 654 quem
1133 614 1337 653 speramus,

80 670 250 710 charitas
266 675 303 709 et
323 667 516 708 liberalitas
533 669 571 707 in
590 666 696 706 nobis
718 663 843 717 effusa
864 671 901 705 et
924 663 1070 719 profusa
1091 670 1145 702 est
1163 679 1230 715 per
1247 665 1351 718 Spi-·

4 743 5 747 ¹
74 732 190 770 ritum
208 731 389 769 Sanctum
404 758 416 780 ‚
433 729 495 783 qui
516 728 627 768 datus
653 734 709 766 est
733 728 862 774 nohis,
883 733 919 766 et
945 741 1018 779 quo
1044 726 1182 767 divinae
1204 733 1343 768 naturae

77 796 271 832 consortes
288 789 372 830 sacti
390 803 515 829 sumus
533 790 641 829 amici
658 787 759 839 Dei,
789 788 852 828 filii
875 786 973 839 Dei,
994 789 1241 844 omnibusque
1253 804 1342 843 gra-

79 858 138 897 tiis
155 863 192 897 et
212 857 406 896 virtutibus
426 855 540 896 ditati.

134 922 210 961 Per
226 918 409 974 Spiritum
423 922 604 960 Sanctum
622 923 746 972 (μὴ...
764 917 894 959 Potest
910 920 1057 972 quidem
1076 920 1228 975 intelligi
1250 923 1342 963 visi-

75 985 159 1025 bilis
175 983 330 1038 Spiritus
347 983 469 1026 Sancti
499 986 804 1032 communicatio,
825 983 916 1023 sacta
939 981 1131 1036 Apostolis
1154 991 1189 1024 et
1210 986 1340 1036 primis

77 1043 316 1089 Christianis:
336 1047 403 1087 sed
415 1046 526 1086 debet
543 1048 651 1086 etiam
665 1045 815 1096 intelligi
835 1046 1028 1085 invisibilis
1043 1043 1199 1099 Spiritus
1213 1043 1339 1088 Sancti

74 1110 362 1148 communicatio
382 1107 473 1148 facta
483 1107 591 1147 nobis
610 1121 674 1160 per
688 1104 918 1160 Baptismum
940 1111 974 1145 et
990 1105 1056 1145 alia
1075 1104 1310 1147 Sacramenta
1323 1121 1351 1155 ς·

76 1175 164 1208 tunc
186 1170 286 1208 enim
307 1167 410 1208 datur
426 1166 580 1220 Spiritus
599 1166 754 1207 sanctus
770 1196 781 1216 ‚
802 1168 862 1220 qui
879 1180 943 1219 per
960 1165 1171 1207 charitatem
1190 1170 1339 1208 sancti-

43 1274 51 1282 ,
75 1233 159 1273 ficat
175 1234 333 1272 animam
348 1262 360 1284 ‚
381 1246 535 1284 eamque
562 1233 755 1273 virtutibus
787 1238 912 1280 ornat,
943 1237 979 1271 et
998 1234 1037 1272 in
1052 1230 1096 1272 ea
1115 1231 1337 1274 sanctificata

22 1332 25 1335 .
75 1305 114 1340 et
131 1297 257 1338 ornata
273 1297 410 1337 habitat
429 1304 600 1350 tanquam
619 1299 655 1336 in
676 1296 827 1348 tempto.

131 1354 288 1411 Duplex
316 1360 435 1411 itaque
455 1358 495 1398 sit
526 1359 633 1398 nobis
652 1358 790 1398 donum
809 1360 846 1397 in
879 1357 1159 1407 justificatione:
1181 1357 1335 1412 Spiritus

73 1419 250 1474 Sanctus,
270 1426 434 1464 increata
445 1423 599 1464 charitas
613 1453 624 1473 ‚
645 1430 680 1464 et
698 1422 850 1462 charitas
870 1430 998 1463 creata.
1015 1421 1179 1464 Increata
1197 1428 1334 1479 quippe

74 1484 152 1528 Dei
175 1487 327 1528 charitas
341 1502 423 1529 sese
440 1487 618 1537 effundit,
643 1487 709 1540 per
729 1487 941 1528 charitatem
957 1495 1112 1529 creatam
1127 1519 1136 1538 ‚
1161 1493 1182 1529 a
1197 1505 1238 1531 se
1256 1491 1335 1532 dit-

74 1550 195 1592 susam
227 1553 265 1592 in
299 1552 473 1592 cordibus
507 1553 653 1591 nostris,
681 1549 730 1591 Et
762 1551 844 1591 haec
868 1559 1019 1605 utraque
1050 1553 1227 1602 charitas,
1260 1554 1334 1596 hoc

75 1619 268 1668 utrumque
288 1616 424 1655 donum
439 1623 494 1656 est
515 1619 672 1668 primum
692 1619 769 1669 spei
793 1624 925 1657 nostrae
946 1616 1246 1666 fundamentum3
1267 1633 1333 1660 seu

73 1677 229 1719 filiorum
242 1677 314 1720 Dei
328 1680 477 1733 gloriam
497 1678 704 1720 firmissime
719 1694 919 1733 speramus,
935 1683 1016 1734 quia
1031 1679 1207 1735 Spiritum
1218 1681 1333 1725 Sanc·

73 1746 151 1782 tum
164 1772 174 1790 ,
195 1746 324 1797 pignus
341 1742 564 1784 haereditatis
583 1750 732 1783 aeternae
752 1746 969 1795 recepimus.

130 1797 176 1844 Ῡ.
202 1804 242 1846 6.
279 1806 330 1845 Ue
359 1806 452 1859 qm'd
478 1809 578 1845 em'm
606 1805 822 1847 Chri-etus...
851 1803 910 1845 En
928 1806 1130 1847 secundum
1151 1808 1267 1849 divini
1292 1811 1331 1850 in

44 1906 51 1912 ⁸
73 1879 145 1906 nos
162 1869 295 1907 amoris
312 1870 560 1909 testimonium
583 1874 620 1909 et
642 1871 722 1920 spei
753 1875 889 1908 nostrae
912 1867 1212 1919 tundamentum,
1232 1885 1331 1912 mors

73 1922 210 1966 Christi
225 1941 289 1979 pro
305 1929 414 1968 nobis
424 1929 542 1970 adhue
562 1931 825 1982 peccatoribus.

127 1986 196 2026 Aa
205 1989 296 2040 quid
308 1988 407 2028 enim
416 2018 429 2037 ,
448 1990 624 2040 subaudi,
637 1994 708 2032 nisi
723 1999 759 2032 ut
775 2005 876 2031 suam
892 2005 976 2042 erga
994 2004 1062 2031 nos
1078 1990 1182 2032 Deus
1201 1991 1330 2034 chari-

72 2054 183 2091 tatem
202 2052 434 2100 ostenderet,
462 2068 618 2107 spesque
647 2069 715 2095 nos
742 2070 818 2095 non
848 2055 1112 2103 confunderem
1135 2057 1327 2110 Christus,

76 2124 123 2151 ex
139 2117 343 2167 praescripto
362 2113 482 2156 Patris
495 2147 505 2165 ‚
533 2131 599 2170 pro
618 2119 725 2158 nobis
747 2117 867 2158 adhuc
889 2119 1014 2168 impiis
1041 2126 1077 2159 et
1097 2127 1331 2172 peccatorum

36 2189 39 2193 ⁴
73 2172 282 2216 infirmitate
295 2177 547 2230 languentibus
559 2210 569 2229 ,
590 2187 757 2235 tempore
772 2184 970 2222 constituto
982 2210 993 2230 ,
1010 2184 1148 2222 exactis
1166 2180 1334 2223 Danielis

15 2255 18 2257 ·
74 2233 387 2290 hebdomadibus,
407 2250 573 2282 mortuus
586 2251 653 2284 est.

129 2297 189 2350 Υ.
211 2315 249 2353 7.
267 2302 344 2344 Vix
354 2305 453 2344 em’m
464 2319 533 2358 pro
536 2305 644 2360 justo
658 2308 739 2361 quis
753 2308 951 2349 moritur...
966 2305 1041 2351 Vix
1053 2311 1152 2350 enim
1166 2322 1231 2362 pro
1244 2310 1331 2353 alios
