1410 2554
89 46 172 89 368
446 61 658 91 Ειηετοωι
687 36 746 92 An
771 63 966 94 nonuuos
1399 0 1410 107 ἒ,

1404 143 1410 169 t

80 119 337 162 scendendum
348 148 358 168 ,
377 132 426 159 ne
441 126 596 174 propter
612 134 695 170 n08‚
715 126 751 161 et
768 133 833 174 per
847 135 932 175 nos,
945 130 1068 176 pereat
1081 123 1140 165 ille
1157 155 1167 175 ‚
1183 138 1250 178 pro
1268 138 1347 179 quo
1407 122 1410 127 ’

82 179 249 222 Christus
269 184 374 223 obiit.

135 243 251 286 Disce
269 251 304 285 et
321 243 420 299 quod
438 242 592 284 charitas
607 243 742 285 debeat
756 246 920 286 omnium
938 252 1140 287 nostrarum
1153 250 1341 291 actionum

84 320 167 347 esse
186 305 308 359 regula
327 322 335 345 :
355 304 552 346 etscientia
571 313 606 346 et
618 306 692 347 fide
709 308 910 348 secundum
925 308 1136 350 charitatem
1149 310 1342 353 utendum.

139 365 194 408 Ut
212 374 311 407 tuam
332 374 453 407 autem
476 366 688 408 charitatem
712 382 796 422 erga
824 371 1037 422 proximum
1063 373 1263 423 accendas,
1301 379 1341 414 et
1405 386 1410 401 .-

78 443 126 470 ex
148 429 342 470 dilectione
382 435 420 469 tu
442 435 476 468 te
496 429 588 469 illius
623 431 880 472 accommodes
908 433 1128 484 infirmitati,
1150 435 1340 490 perpende

82 485 226 530 Christi
243 503 308 542 pro
329 503 375 530 eo
396 489 608 530 charitatem
627 506 636 530 z
660 487 826 531 Christus
846 506 912 544 pro
930 507 975 533 co
1005 501 1177 535 mortuus
1193 502 1272 543 est;
1299 501 1340 537 el:

82 566 154 605 ego
169 551 262 592 nihil
285 549 398 605 patiar
413 566 479 606 pro
500 566 571 605 quo
589 550 756 594 Christus
773 554 889 594 obiit?

138 609 309 663 Christus
326 611 390 653 sua
403 611 549 664 propria
563 620 684 652 morte
699 616 812 654 vitam
828 617 860 654 ei
881 614 982 655 dedit
999 632 1007 663 3
1030 622 1066 655 et
1082 630 1152 669 ego
1171 616 1268 658 hanc
1289 616 1340 659 illi
1407 631 1410 648 2

75 676 192 715 vitam
204 686 291 714 meo
309 672 477 713 scandalo
492 674 640 724 eripiam
653 674 670 713 ?
683 675 822 714 tantine
834 674 927 714 sacio
944 673 1079 716 Christi
1094 679 1307 729 sanguinem
1322 707 1334 727 ,

74 741 116 776 ut
135 734 216 776 esca
234 734 317 783 viti,
342 733 402 774 vel
421 734 538 773 verbo
566 733 658 786 sorte
688 733 878 786 mordaci,
898 734 1041 783 fratrem
1071 752 1198 778 meum
1221 739 1335 780 velim

74 797 251 852 perdere,
282 810 348 851 pro
376 810 450 849 quo
471 793 636 836 Christus
669 793 864 838 Dominus
898 801 1097 852 pretiosum
1124 803 1340 854 sanguinem

74 874 181 901 sunm
195 860 311 901 fudit?

127 916 175 965 3⁵.
202 923 264 964 16.
282 923 373 963 Non
390 938 474 974 ergo
490 924 766 975 blasphemetur
780 926 916 965 bonum
941 933 1126 967 nostrum.
1155 924 1224 968 Gr.
1243 941 1339 968 ves-

71 988 182 1025 trum.
203 980 291 1037 Syr.
309 989 489 1023 nostrum.

126 1044 191 1087 Ne
223 1047 299 1086 sitis
332 1059 418 1098 ergo
442 1058 548 1085 causa
561 1074 573 1094 ‚
605 1058 668 1084 cur
699 1044 793 1084 male
825 1045 871 1085 de
897 1048 1006 1086 nobis
1025 1046 1219 1098 loquantur
1253 1053 1333 1086 tum

67 1105 211 1159 Judaei‚
233 1116 309 1150 tum
325 1107 498 1160 gentiles;
518 1113 716 1160 nostraque
736 1107 862 1159 religio
883 1122 926 1148 ac
945 1106 1170 1161 Evangelica
1187 1107 1335 1149 libertas

68 1169 163 1210 male
190 1169 309 1209 audiat
333 1167 430 1220 apud
449 1179 513 1207 eos
528 1198 540 1216 ‚
559 1169 619 1221 qui
642 1166 730 1208 foris
758 1175 865 1219 sunt,
891 1175 1042 1222 propter
1077 1170 1334 1210 contentiones

64 1239 207 1273 vestras
226 1230 272 1269 de
295 1231 387 1269 cibis
410 1228 581 1278 edendis,
600 1228 659 1268 vel
677 1242 754 1268 non
774 1229 946 1270 edendis.

121 1290 165 1336 ᾖ.
191 1305 256 1344 ¹7·
275 1288 365 1329 Non
381 1296 437 1327 est
451 1289 551 1327 enim
567 1289 739 1339 Regnum
754 1289 843 1337 Dei,
855 1304 941 1329 esca
957 1297 994 1328 et
1008 1296 1163 1342 potus...
1183 1287 1333 1343 Religio

67 1366 134 1407 per
150 1366 259 1406 quam
276 1349 381 1392 Deus
403 1357 529 1402 regnat
547 1352 584 1390 in
602 1351 728 1397 nobis,
753 1357 789 1391 et
805 1365 872 1404 per
894 1365 999 1405 quam
1017 1365 1169 1404 regnum
1184 1351 1334 1392 coeleste

65 1422 223 1469 paratur,
248 1427 325 1454 non
343 1414 508 1453 consistit
525 1414 564 1453 in
585 1412 765 1453 electione
793 1415 867 1453 cibi
887 1420 923 1454 et
953 1413 1058 1467 potds
1074 1430 1082 1460 ς
1101 1413 1168 1454 sed
1185 1415 1223 1454 in
1251 1414 1333 1464 ius-

64 1481 160 1526 titia,
176 1475 248 1531 qua
266 1478 326 1518 lex
354 1475 427 1517 Dei
458 1483 649 1523 servatum
670 1485 706 1516 et
726 1478 763 1516 in
785 1490 873 1531 pace
894 1491 976 1518 cum
995 1478 1190 1530 proxim03
1231 1483 1268 1517 et
1293 1478 1333 1517 in

64 1542 200 1594 gaudio
220 1540 423 1595 spirituali,
446 1540 548 1594 quod
572 1553 620 1579 ex
639 1542 774 1590 justitia
798 1546 834 1580 et
854 1554 941 1594 pace
961 1541 1141 1588 nascitur;
1171 1553 1237 1580 seu
1257 1551 1331 1594 quo

65 1601 220 1655 Spiritus
253 1608 397 1642 sanctus
414 1601 531 1654 replet
550 1603 637 1641 vere
654 1603 750 1652 pios,
772 1605 860 1642 vere
883 1598 1069 1654 patffieOS.

125 1663 212 1705 Hoc
243 1664 323 1704 loco
357 1665 551 1704 abutuntur
578 1663 740 1703 haeretici
775 1670 901 1705 contra
933 1666 1067 1716 jejunia
1100 1672 1138 1704 et
1163 1663 1331 1703 ciborum

72 1729 331 1770 abstinentiam
347 1728 394 1766 ab
409 1724 573 1767 Ecclesia
594 1732 789 1778 praecepta.

124 1787 201 1830 Sed
220 1794 351 1829 notent
377 1793 431 1829 ιθ
450 1786 673 1840 Apostolum
690 1801 767 1828 non
787 1789 910 1830 dicere
933 1805 942 1829 z
963 1786 1139 1841 Regnum
1157 1785 1232 1828 Dei
1254 1801 1331 1829 non

73 1861 128 1896 est
144 1854 377 1901 abstinentia,
398 1858 457 1893 aut
475 1854 675 1903 jejunium3
695 1852 762 1892 scd
784 1867 858 1893 non
875 1860 930 1893 est
947 1867 1042 1893 esca.
1207 1896 1213 1907 Ι

127 1920 184 1956 2⁰.
203 1912 423 1967 Apostolum
446 1926 555 1964 agere
584 1926 660 1951 non
696 1912 744 1951 de
772 1914 931 1963 jejuniis,
959 1918 1019 1951 aut
1047 1911 1267 1953 abstinentia
1282 1910 1330 1951 ab

69 1978 234 2021 Ecclesia
267 1978 464 2022 institutis;
487 1976 554 2016 sed
589 1989 654 2029 per
684 1976 804 2028 legem
826 1973 1027 2017 Mosaicam
1059 1977 1267 2029 praeceptis,
1290 1979 1330 2014 ut

71 2046 209 2086 dictum
229 2047 281 2082 est
300 2038 346 2087 ἰ.
364 2040 400 2081 5.
426 2039 524 2081 Vide
543 2040 593 2080 ibi
612 2041 719 2079 dicta.

126 2106 186 2149 3?
207 2102 375 2157 Apostoli
393 2118 542 2145 sensum
565 2117 646 2144 esse
665 2101 764 2155 quod
780 2115 933 2154 regnum
954 2100 1025 2143 Dei
1056 2114 1132 2142 non
1165 2101 1331 2140 consistit

71 2183 139 2226 per
156 2181 195 2208 se
213 2169 249 2207 in
268 2179 348 2206 esca
361 2195 371 2215 ‚
395 2166 481 2207 licet
501 2179 567 2219 per
583 2164 776 2213 accidens,
804 2165 853 2203 ob
871 2161 1048 2204 Ecclesiae
1079 2161 1301 2216 praeceptuffi
1314 2191 1328 2213 ,

71 2233 131 2276 vel
163 2233 212 2272 ob
230 2236 358 2271 votum
375 2261 386 2281 ‚
411 2231 629 2271 abstinentia
650 2235 687 2269 et
713 2228 887 2280 jejunium
916 2229 988 2268 sint
1009 2227 1056 2267 ad
1078 2227 1228 2269 salutem
1255 2238 1331 2266 ne·-

70 2300 249 2341 cessaria;
273 2299 307 2333 et
327 2299 424 2348 patet
439 2296 474 2334 in
490 2290 584 2333 Adae
599 2297 762 2344 pec-rato.
