1410 2554
282 66 457 97 τιιιριεκ
484 59 709 100 εκνόειτιο.
738 56 833 110 Gap.
860 55 959 96 ΧΠ.
1191 55 1272 98 321

80 121 148 165 Eis
164 126 253 164 vero
271 127 330 177 qui
351 139 418 166 vos
431 155 442 173 ,
462 125 521 166 vei
539 125 627 166 odio
651 124 810 178 Christi,
824 125 883 166 vet
904 125 975 166 atto
993 126 1134 166 motivo
1148 155 1159 175 ,
1181 139 1275 180 per-

24 192 224 239 sequuntur
241 191 277 226 et
296 186 460 239 affligunt
474 218 484 236 ‚
503 201 580 227 non
596 188 708 228 modo
723 201 801 230 non
817 187 912 229 mate
927 187 1125 240 precemini
1139 204 1148 234 ;
1172 187 1239 228 sed
1253 183 1276 228 ’ὲ

25 255 152 288 contra
170 249 235 288 ittis
252 249 350 288 bene
370 252 571 301 precemini
590 281 600 300 ,
623 250 772 291 salutem
790 256 825 290 et
841 251 990 303 gratiam
1011 255 1193 302 optantes.

81 311 246 353 Charitas
262 315 313 352 sic
330 315 422 353 inter
440 327 506 353 vos
521 315 643 353 omnia
662 319 832 368 prospera
850 319 886 368 et
905 312 997 352 maia
1014 312 1141 353 reddat
1160 326 1277 354 com-

26 377 148 415 munia
161 404 171 421 ,
191 383 227 414 ut
242 389 288 414 ex
300 374 471 415 charitate
486 376 670 427 gaudeatis
685 391 766 417 cum
787 376 1029 428 gaudentibus
1049 405 1062 426 ,
1081 377 1277 416 tristemini

25 448 108 475 curn
127 436 298 475 tristibus.
360 456 368 466 ι

78 495 133 538 Sit
148 498 255 537 vobis
275 498 445 536 omnibns
462 513 553 539 nnus
570 501 734 549 animus,
755 501 845 539 sicut
866 506 901 538 et
917 512 981 538 cor
997 511 1109 538 unum
1126 512 1136 544 ς
1157 503 1278 539 estote

22 562 145 613 itaque
163 559 379 616 foncordes
405 564 498 601 inter
532 575 621 609 vos;
644 568 835 615 propterea
856 568 983 607 cavete
1005 575 1053 600 ne
1075 561 1121 601 de
1139 562 1277 602 vobis-

25 625 112 674 ipsis
127 622 217 662 elate
235 624 410 670 sentiatis,
430 625 497 663 sed
515 626 559 664 ita
574 624 748 675 demisse,
768 631 804 664 ut
824 632 951 664 etcum
972 623 1107 665 infimis
1123 623 1279 665 homini·

24 686 93 727 bus
108 686 266 736 benigne
284 689 569 727 conversemini.

79 744 218 786 Cavete
236 751 271 784 et
284 758 332 784 ne
347 747 498 787 nimium
517 754 648 787 vestrae
660 746 862 804 praefixum
875 748 1098 798 tribuentes,
1122 748 1276 789 aliorum

23 811 155 861 judicia
173 814 371 862 spernatis:
392 811 469 851 haec
490 815 586 852 enim
607 813 679 852 duo
699 820 782 853 sunt
800 811 1005 863 ‹pncordiae
1022 815 1213 854 contraria.

82 869 202 927 Qubd
220 875 250 912 st
267 872 358 914 sorte
384 888 450 912 vos
467 877 546 926 quis
567 874 728 915 offendat
747 875 861 914 verbo
878 880 936 913 aut
953 873 1048 914 sacto
1065 906 1075 922 ,
1094 889 1143 914 ne
1160 875 1276 915 retal*-

23 936 136 984 lietis.
161 937 363 975 convitium
390 950 457 989 pro
484 937 670 986 convitio,
689 943 750 976 aut
767 937 930 987 injuriam
949 950 1015 989 pro
1030 938 1164 986 injuria
1184 937 1276 978 red-

24 998 154 1041 dentes
173 1013 182 1036 ι

76 1057 152 1099 Sed
176 1061 282 1100 vobis
311 1074 404 1100 curae
422 1062 464 1100 sit
490 1062 535 1100 ita
555 1059 798 1109 benefacere,
831 1067 868 1100 ut
889 1074 966 1100 non
991 1057 1075 1100 Deo
1106 1062 1278 1110 tantum,·

22 1124 86 1175 qui
106 1126 168 1162 cot
182 1125 353 1171 intuetur,
374 1123 542 1175 placcatis
559 1138 567 1169 ;
589 1124 655 1163 sed
674 1130 711 1163 ut
731 1126 840 1164 etiam
859 1136 925 1176 per
939 1124 1038 1164 bona
1060 1136 1170 1177 opera
1187 1137 1278 1164 ves-

22 1189 76 1225 tra
93 1196 228 1224 omnes
248 1183 416 1225 homines
432 1185 671 1225 mdificeutur.

6 1288 9 1291 v
77 1242 117 1285 Si
150 1245 248 1285 salve
275 1245 408 1295 justitia
427 1253 461 1285 et
481 1247 631 1286 veritate
653 1245 731 1286 sieri
752 1251 901 1298 potest,
919 1246 1150 1297 quantumin
1167 1245 1275 1286 vobis

23 1314 103 1356 est,
122 1321 247 1361 pacem
265 1308 400 1349 habete
417 1338 428 1357 ‚
451 1323 526 1349 non
547 1309 665 1349 solum
681 1322 765 1349 cum
781 1308 948 1349 fratribus
962 1338 973 1357 ‚
991 1307 1057 1349 sed
1068 1310 1179 1349 etiam
1190 1322 1275 1350 cum

23 1369 198 1411 omnibus
225 1371 376 1411 omnino
394 1369 617 1410 hominibus.

79 1428 166 1471 Hoc
183 1437 222 1471 ut
238 1433 286 1470 ita
300 1433 345 1470 sit
361 1460 371 1479 ‚
397 1430 522 1471 fratres
540 1430 759 1479 charissimi,
790 1444 864 1469 non
882 1430 1128 1481 vosmetipsos
1148 1429 1278 1470 vindi-

23 1500 102 1536 cate
122 1511 131 1534 :
147 1494 215 1534 sed
230 1495 336 1534 vobis
355 1497 443 1535 irato
465 1494 605 1542 cedite,
626 1492 800 1547 illumque
819 1507 888 1534 suo
909 1491 1038 1533 Judici
1054 1494 1248 1546 relinquite
1262 1525 1273 1542 ,

25 1560 86 1610 qui
118 1562 155 1599 in
187 1556 477 1599 Deuteronomio
500 1559 587 1598 dit-it
607 1573 615 1597 :
636 1556 730 1598 Mihi
749 1557 908 1597 vindicta
929 1560 1126 1610 competit3
1151 1565 1188 1599 et
1206 1572 1278 1612 ego

23 1621 150 1666 Judex
169 1626 382 1675 justissimus
399 1620 616 1675 rependam.

79 1687 166 1730 Hoc
182 1689 332 1730 edoctus
349 1691 516 1740 omnnio,
537 1704 626 1730 cave
647 1703 694 1729 ne
709 1689 813 1728 iaesus
832 1688 963 1735 iaedas3
986 1690 1062 1729 imo
1080 1702 1146 1742 pro
1162 1688 1279 1729 male-

22 1750 131 1800 ficio,
150 1766 288 1804 repone
302 1752 524 1792 beneficium
545 1769 552 1797 ;
575 1753 605 1790 si
622 1750 714 1790 sorte
734 1751 862 1790 esuriat
876 1757 956 1790 tuus
971 1750 1140 1789 inimicus
1154 1778 1166 1795 ,
1181 1749 1280 1789 ilium

25 1815 108 1853 cibo
132 1814 284 1860 resove;
315 1817 344 1854 si
366 1816 482 1862 sitiat,
517 1821 643 1868 potum
674 1813 720 1853 iiii
758 1815 923 1866 porrige:
943 1812 1023 1852 haec
1043 1818 1100 1852 tua
1129 1813 1168 1852 in
1195 1826 1281 1852 eum

23 1875 204 1917 beneficia
215 1909 226 1926 ‚
242 1883 346 1917 erunt
361 1880 458 1930 quasi
477 1879 655 1917 carbones
669 1876 839 1917 ardentes
851 1906 861 1924 ‚
879 1877 1010 1930 quibus
1021 1889 1106 1916 eum
1122 1879 1144 1915 ὸ
1160 1877 1278 1928 capite

21 1935 68 1975 ad
90 1936 204 1989 pedes
222 1937 480 1976 circumdatum
506 1935 748 1977 inflammabts
765 1937 811 1976 ad
833 1943 869 1976 te
882 1936 1159 1977 redamandum.

79 1996 171 2039 Haec
187 1999 264 2039 sota
287 2000 350 2039 tibi
366 2000 532 2039 vindicta·
544 2002 761 2053 permittitur
775 2029 785 2049 ‚
809 1998 943 2052 hicque
963 2005 1064 2039 tuum
1084 2000 1276 2041 inimicum

22 2059 196 2100 vincendi
215 2060 346 2100 modus
361 2061 572 2100 conceditur
590 2063 715 2100 unicus
731 2090 742 2109 ‚
765 2059 965 2103 benefactis
981 2063 1131 2101 vincere
1152 2075 1163 2100 τ
1183 2074 1277 2101 cave

23 2121 144 2173 itaque
163 2136 232 2171 ne,
255 2124 302 2163 ab
325 2137 368 2163 co
392 2123 518 2170 laesus,
548 2124 745 2164 vindictam
767 2130 922 2175 expetas
941 2125 1021 2164 :sic
1043 2125 1144 2163 enim
1160 2129 1196 2163 te
1223 2124 1277 2163 tui

23 2181 220 2223 adversarii
241 2185 371 2225 malitia
388 2186 570 2237 superabit
590 2199 598 2231 ;
622 2185 687 2226 sed
713 2185 825 2225 bonis
841 2182 976 2225 officiis
994 2188 1041 2226 ita
1067 2186 1145 2236 eius
1160 2185 1274 2225 maii-

21 2249 109 2286 tiam
129 2260 318 2299 expugna,
342 2255 377 2287 ut
396 2250 464 2287 tuis
484 2248 674 2288 beneficiis
695 2250 833 2296 vietus,
856 2261 904 2288 ex
921 2249 1070 2289 inimico
1090 2244 1158 2289 fiat
1175 2249 1278 2287 ami-

22 2320 85 2350 cus
106 2323 114 2346 :
140 2313 175 2347 et
193 2307 276 2347 itoee
296 2315 350 2348 est
364 2308 523 2360 perfecta
538 2315 573 2349 et
594 2303 805 2349 Christiana
821 2310 987 2350 victoria.
